3442 5412
664 417 881 480 -rr-·

269 589 406 675 pignoris
428 589 495 675 ipse
518 589 670 653 creditum
693 588 833 673 recipiet,
857 587 953 651 etiam
969 588 1106 652 actiones
1122 587 1215 652 utiles
1231 587 1378 651 adversus

269 693 439 776 inquilinos
466 691 597 777 accipiet
619 690 773 754 cautionis
796 690 948 774 exemplo,
977 712 1072 774 quam
1093 691 1214 754 debitor
1235 690 1379 754 creditori

268 796 389 880 pignori
412 795 507 859 dedit.

160 960 235 1026 erc.
268 959 388 1042 rrae
411 959 492 1042 urg.
515 959 558 1026 ro
580 961 719 1042 pigner.
735 957 835 1040 aar.

313 1080 496 1143 Marcianas
511 1079 588 1142 libro
603 1080 760 1164 rihpalari
773 1080 816 1142 ad
823 1079 1001 1163 formulam
1016 1079 1265 1163 hypothecariam
1301 1078 1379 1142 Cum

270 1183 391 1267 pignori
410 1205 475 1248 rem
498 1183 689 1267 pigneratam
710 1182 809 1268 accipi
829 1203 918 1265 posse
938 1183 1100 1267 placuerit,
1125 1190 1278 1266 quatenus
1293 1188 1379 1244 utra-

270 1307 330 1369 que
352 1287 484 1371 pecunia
507 1287 636 1350 debetur·
658 1287 770 1370 pignus
792 1285 928 1350 secundo
951 1285 1096 1349 creditori
1119 1293 1243 1350 tenetur
1263 1292 1379 1350 ettam

268 1391 410 1475 exceptio
439 1411 534 1473 quem
562 1390 641 1454 actio
669 1388 755 1453 utilis
784 1391 811 1454 ei
839 1389 943 1453 danda
969 1395 1028 1452 est:
1064 1389 1146 1472 quod
1177 1388 1204 1452 si
1234 1389 1380 1452 dominus

269 1493 396 1556 solverit
415 1493 590 1577 pecuniam,
615 1491 727 1576 pignus
748 1512 870 1576 quoque
886 1492 1065 1576 peremitur.
1103 1492 1156 1555 sed
1173 1497 1275 1575 potest
1291 1489 1380 1554 dubi·

269 1597 340 1676 tari,
367 1596 520 1681 numquid
549 1596 694 1660 creditori
721 1616 920 1659 nummorum
947 1595 1119 1658 solutorum
1145 1594 1271 1659 nomine
1294 1593 1380 1657 utilis

271 1701 351 1764 actio
379 1699 484 1764 danda
511 1699 552 1762 sit
575 1721 615 1762 an
637 1720 714 1763 non:
743 1698 818 1782 quid
842 1699 935 1774 enim,
962 1697 990 1761 si
1012 1719 1060 1761 res
1083 1698 1186 1761 soluta
1207 1695 1320 1760 fuerit?
1350 1703 1381 1760 et

268 1824 378 1867 verum
401 1810 456 1884 est,
479 1802 561 1886 quod
582 1802 772 1886 Pomponius
796 1801 875 1865 libro
894 1801 1026 1884 septimo
1046 1799 1085 1863 ad
1106 1800 1243 1863 edictum
1262 1799 1380 1879 scribit,

270 1907 297 1970 si
317 1906 444 1990 quidem
463 1906 629 1990 pecuniam
649 1905 741 1968 debet
760 1905 796 1986 ie,
820 1906 907 1968 cuius
927 1925 1040 1968 nomen
1061 1902 1183 1988 pignori
1198 1902 1307 1966 datum
1324 1909 1379 1980 est,

271 2018 381 2073 exacte
409 2031 445 2072 ea
472 2008 656 2072 creditorem
683 2029 787 2072 secum
816 2013 1033 2091 pensaturum:
1064 2006 1091 2070 si
1119 2027 1190 2069 vero
1218 2025 1328 2089 corpus
1354 2005 1381 2067 is

270 2112 413 2176 debuerit
439 2120 471 2176 et
498 2111 634 2193 solverit,
669 2111 806 2196 pignoris
833 2110 899 2174 loco
927 2111 1067 2173 futurum
1098 2109 1181 2192 apud
1210 2107 1381 2172 secuudum

270 2214 463 2279 creditorem.

159 2375 230 2443 317.
267 2375 387 2460 l.11,2
409 2377 490 2458 Ilig.
511 2375 554 2442 de
576 2376 715 2459 pigner.
731 2375 790 2456 ab,
802 2374 831 2439 1.

314 2496 496 2559 Marcianas
513 2495 589 2558 libro
604 2496 762 2579 sispalari
776 2495 819 2557 ad
831 2495 1002 2576 formulam
1016 2493 1265 2578 hypothecariam
1300 2491 1381 2556 Usus

269 2599 388 2663 fructus
417 2621 458 2662 au
485 2599 582 2683 possit
608 2598 730 2681 pignori
757 2597 989 2683 hypothecaeve
1018 2596 1095 2676 dari,
1124 2595 1302 2679 quaesitum
1325 2603 1381 2674 est,

269 2701 335 2766 sive
355 2701 501 2766 dominus
521 2701 720 2786 proprietatis
741 2699 922 2763 convenerit
941 2699 1008 2763 sive
1027 2698 1080 2762 ille
1102 2699 1155 2782 qui
1171 2698 1272 2761 solum
1289 2717 1382 2761 usum

269 2805 406 2868 fructum
428 2805 531 2868 habet.
578 2811 609 2868 et
628 2803 737 2868 scribit
756 2802 948 2886 Papinianus
968 2800 1046 2864 libro
1068 2799 1232 2864 undecimo
1252 2820 1381 2882 respon-

270 2928 375 2971 sorum
396 2908 549 2972 tuendum
573 2907 758 2971 creditorem
781 2913 812 2970 et
834 2905 861 2969 si
884 2904 961 2969 velit
981 2925 1052 2968 cum
1074 2903 1225 2967 creditore
1245 2903 1382 2987 proprie-

270 3010 368 3074 tarius
388 3031 478 3093 agere
499 3010 571 3074 ‘non
591 3030 657 3074 esse
677 3009 775 3073 eiius
795 3007 842 3071 uti
858 3009 919 3071 frui
934 3007 1034 3071 invito
1051 3006 1103 3086 se’,
1127 3006 1185 3070 teli
1200 3005 1382 3090 exceptione

271 3134 343 3176 eum
376 3119 500 3197 praetor
533 3112 686 3176 tuebitur:
721 3111 758 3174 ‘si
785 3133 847 3176 non
873 3111 957 3175 inter
983 3110 1167 3174 creditorem
1195 3117 1226 3172 et
1249 3129 1320 3172 eum
1343 3107 1382 3170 ad

271 3219 376 3299 ‘quem
395 3235 470 3279 usus
490 3215 608 3279 fructus
624 3214 760 3299 pertinet
777 3214 964 3295 convenerit,
986 3220 1022 3276 ut
1039 3234 1112 3277 usus
1128 3213 1246 3276 fructus
1262 3210 1381 3295 pignori

272 3317 345 3381 ‘sit’:
369 3340 444 3381 nam
467 3324 497 3382 et
520 3338 592 3380 cum
615 3324 787 3400 emptorem
810 3336 884 3380 usus
907 3317 1025 3379 fructus
1047 3323 1153 3378 tuetur
1173 3323 1305 3398 praetor,
1330 3335 1383 3378 cur

271 3442 334 3485 non
362 3427 392 3485 et
419 3420 604 3484 creditorem
630 3418 790 3483 tuebitur?
825 3419 935 3483 eadem
962 3420 1082 3483 ratione
1101 3423 1136 3482 'et
1159 3417 1292 3482 debitori
1316 3416 1383 3481 obi-

272 3523 370 3588 cietur
393 3522 545 3607 exceptio.

163 3683 236 3751 318.
269 3684 294 3750 1.
309 3684 348 3749 12
370 3685 451 3766 Dig.
474 3683 518 3750 de
539 3684 681 3766 pigner.
697 3683 795 3766 20,1.

315 3803 436 3867 Paulas
464 3803 541 3867 libro
567 3806 774 3888 recuperacione
802 3815 905 3866 octavo
928 3805 972 3867 ad
993 3804 1122 3866 edictam
1168 3803 1230 3867 Sed
1252 3825 1293 3866 au
1316 3801 1384 3866 viee

273 3906 394 3970 itineris
422 3914 509 3970 actus
540 3907 774 3990 aquaeductus
798 3906 935 3990 pignoris
959 3906 1122 3970 conventio
1145 3905 1248 3968 locum
1271 3905 1385 3968 habeat

272 4008 444 4074 videndum
460 4029 527 4073 esse
542 4009 733 4092 Pomponius
748 4007 802 4090 ait,
819 4007 943 4072 uitalis
958 4008 1060 4091 pactio
1076 4008 1139 4088 fiat,
1163 4011 1209 4086 ut,
1234 4006 1385 4090 quamdiu

273 4113 406 4197 pecunia
426 4113 528 4177 soluta
546 4113 675 4194 nonsit,
700 4112 743 4176 eis
759 4110 962 4175 servitutibus
979 4110 1112 4174 creditor
1127 4116 1234 4173 utatur
1253 4108 1385 4191 (scilicet

273 4215 301 4278 si
321 4214 460 4279 vicinum
483 4215 617 4279 fundum
638 4213 769 4298 habeat)
793 4219 832 4291 et,
857 4213 883 4276 si
906 4213 991 4277 intra
1011 4213 1094 4276 diem
1114 4219 1234 4276 certum
1254 4212 1386 4296 pecunia

195 4323 197 4328 ’
273 4318 375 4382 soluta
390 4340 452 4382 nou
468 4317 519 4398 sit,
537 4318 669 4382 vendere
685 4337 737 4382 eas
753 4316 855 4381 vicino
871 4315 978 4380 liceat:
995 4336 1074 4399 quae
1090 4317 1246 4380 sententia
1262 4321 1386 4400 propter

273 4421 444 4485 utilitatem
466 4421 715 4486 contrahentium
741 4419 937 4484 admittenda
960 4427 1015 4484 est.
