3442 5412
835 458 876 466 ..
921 421 941 484 6
985 459 1026 468 ,-

335 591 383 658 21.
406 593 431 658 r.
447 592 530 675 eur
550 593 632 674 urg.
656 591 1003 677 remansissem.

449 713 716 796 Hennopenionus
732 713 808 777 libro
819 716 925 796 prino
939 717 1021 778 iuris
1035 717 1241 800 epitonnoruni
1273 716 1364 782 Miles
1380 717 1425 782 ibi
1438 717 1538 781 domi-

407 817 513 882 cilium
536 818 650 894 hebere
673 818 805 898 videtur,
829 819 884 882 ubi
907 826 1015 898 meret,
1038 820 1065 883 si
1088 818 1165 883 nihil
1189 819 1221 882 in
1247 821 1348 905 patrie
1370 820 1538 905 possideat.

331 955 383 1021 u.
406 957 431 1022 1.
448 956 535 1039 ese
557 956 638 1039 urg.
661 957 704 1024 u
727 958 894 1041 municip.
910 957 969 1040 se,
982 958 1009 1024 r.

449 1076 603 1161 Papirius
640 1076 743 1141 Iustus
784 1077 861 1141 libro
898 1079 1027 1142 soeurnio
1063 1079 1100 1142 cle
1136 1081 1401 1144 constitutionibus
1458 1083 1539 1146 ltem

406 1180 631 1265 rescripserunt
657 1182 830 1258 mulierem,
860 1181 1009 1266 quamdiu
1037 1190 1136 1268 nupta
1159 1190 1214 1258 est,
1242 1183 1377 1248 incolum
1400 1185 1538 1250 eiusdem

407 1283 544 1348 civitatis
567 1284 676 1364 videri,
705 1287 793 1350 euius
816 1285 947 1348 maritus
970 1286 1036 1350 eius
1060 1294 1115 1367 est,
1147 1295 1177 1351 et
1199 1287 1255 1368 ibi,
1283 1288 1365 1352 unde
1389 1288 1539 1374 originem

406 1387 512 1468 trahit,
537 1408 600 1451 non
624 1387 690 1470 cogi
713 1388 895 1452 muneribus
918 1389 1015 1472 fungi.

331 1523 385 1589 23.
408 1524 432 1588 l.
449 1523 515 1605 6,2
537 1524 618 1604 urg.
642 1523 685 1590 de
707 1524 874 1607 municip.
890 1523 948 1604 50,
960 1523 988 1588 1.

457 1642 610 1727 Ulpianus
630 1643 708 1706 libro
727 1645 855 1706 secundo
875 1646 1058 1726 opinionum
1102 1646 1185 1710 Viris
1200 1647 1405 1731 prudentibus
1420 1648 1538 1731 placuit

407 1746 526 1810 duobus
553 1746 629 1810 locis
658 1767 746 1832 pesse
774 1747 910 1830 aliquem
938 1747 1051 1812 habere
1080 1748 1283 1831 domicilium,
1318 1751 1344 1813 si
1373 1751 1538 1836 utrubique

406 1850 452 1914 ita
472 1872 505 1914 se
529 1850 686 1932 instruxit,
714 1856 833 1914 utnon
857 1851 926 1914 ideo
950 1851 1053 1915 minus
1076 1852 1159 1936 apud
1183 1853 1295 1917 alteros
1317 1875 1349 1917 se
1373 1854 1537 1916 collocasse

407 1953 562 2017 videatur.

332 2083 386 2148 24.
408 2084 434 2149 l.
449 2083 494 2148 49
518 2084 598 2166 urg.
622 2084 665 2150 de
687 2087 784 2151 verb.
807 2084 927 2165 signif.
944 2083 1065 2166 tels.

451 2204 612 2290 'Ulpianus
643 2205 720 2269 libro
751 2203 1026 2291 quinquepensinco
1053 2227 1134 2270 nono
1162 2208 1205 2269 ad
1231 2208 1359 2270 edictum
1387 2205 1420 2271 in
1448 2206 1537 2272 bonis

407 2317 512 2373 eutem
534 2310 649 2374 nostris
670 2312 843 2394 computari
858 2310 1019 2374 sciendum
1035 2318 1082 2374 est
1098 2333 1159 2375 non
1175 2311 1285 2394 solum,
1311 2333 1389 2396 quae
1406 2311 1537 2376 dominii

407 2413 505 2478 nostri
527 2421 609 2494 sunt,
632 2413 685 2478 sed
709 2422 740 2478 ct
761 2415 788 2477 si
811 2415 892 2480 bena
915 2414 975 2477 fide
993 2437 1011 2478 a
1027 2415 1115 2480 nobis
1132 2415 1349 2499 possideantur
1365 2416 1414 2479 vel
1429 2435 1537 2498 super-

389 2516 524 2604 ,finiaris
546 2517 620 2582 siut.
659 2539 756 2600 aeque
780 2517 868 2582 bonis
891 2518 1148 2583 adnumerabitur
1171 2519 1277 2601 etiem,
1301 2519 1328 2582 si
1351 2519 1426 2602 quid
1443 2526 1488 2583 est
1504 2518 1537 2580 in

407 2620 582 2685 actionibus
598 2621 801 2705 petitionibus
818 2615 1099 2706 persecutionibus:
1121 2644 1194 2685 nam
1210 2623 1267 2686 hec
1284 2623 1389 2685 emnia
1403 2622 1437 2684 in
1450 2620 1538 2686 benis

407 2745 474 2788 esse
496 2724 653 2790 videntur.

331 2862 384 2929 25.
407 2862 482 2930 1.ss
506 2862 585 2945 urg.
609 2864 652 2931 de
674 2866 753 2931 iure
775 2865 852 2930 fisci
867 2825 932 2947 ¹49,
944 2864 996 2930 14.-

450 2985 612 3048 Iooolenus
633 2985 709 3049 libro
732 3007 811 3049 nono
834 2988 1038 3071 epistularum
1075 2989 1144 3050 Non
1168 2994 1299 3072 pessunt
1322 2987 1386 3050 ulla
1403 2987 1483 3050 bene
1499 2985 1538 3047 ad

406 3089 516 3153 liscum
543 3089 707 3174 pertinere,
736 3090 796 3154 nisi
824 3112 903 3174 quee
931 3090 1137 3155 creditoribus
1164 3091 1363 3174 superfutura
1385 3097 1472 3153 sunt:
1505 3087 1537 3151 id

407 3193 491 3256 enim
525 3193 676 3266 bonorum
712 3194 861 3279 cuiusque
897 3215 963 3258 esse
992 3193 1192 3276 intellegitur,
1228 3193 1310 3276 quod
1341 3193 1404 3256 aeri
1434 3193 1535 3256 alieno

255 3300 257 3305 ’
339 3325 341 3330 ·
408 3304 558 3379 superest.

332 3424 387 3490 26.
410 3426 435 3491 l.
451 3426 537 3508 39‚1
559 3427 640 3508 urg.
664 3425 707 3494 de
729 3430 826 3495 verb.
849 3426 969 3509 signif.
986 3425 1108 3510 50,16.

450 3547 570 3611 Paulus
598 3548 674 3612 libro
701 3551 975 3634 quinquepensinio
1003 3551 1090 3610 tertio
1118 3548 1161 3608 ud
1185 3549 1314 3610 edictum
1360 3544 1465 3612 ‘Bona’
1489 3545 1538 3610 in-

406 3651 597 3735 telleguntur
620 3653 778 3737 cuiusque,
802 3674 882 3738 quae
905 3652 1037 3716 deducto
1061 3673 1131 3715 aere
1155 3651 1256 3714 alieno
1280 3657 1457 3732 supersunt.

330 3788 382 3853 22.
405 3789 467 3855 1.3
490 3808 543 3873 pr.
566 3791 647 3873 urg.
671 3791 714 3858 de
735 3794 816 3858 bon.
840 3809 935 3874 poss.
951 3789 1042 3873 sil.

458 3909 612 3994 Ulpianus
635 3912 712 3975 libro
735 3913 887 3995 tripesinio
910 3933 990 3974 nono
1013 3912 1056 3973 ud
1077 3911 1209 3973 edictunr
1231 3909 1335 3974 ¹Bona
1358 3916 1462 3974 autem
1478 3909 1538 3990 hic,

407 4022 443 4077 ut
465 4015 647 4100 plerumque
670 4016 804 4081 solemus
826 4015 937 4098 dicere,
961 4015 1007 4078 ite
1030 4014 1211 4099 accipienda
1234 4021 1308 4078 sunt
1327 4012 1540 4077 universitatis

408 4118 557 4202 cuiusque
584 4120 820 4198 successionem,
849 4140 910 4204 qua
937 4119 1112 4183 succeditur
1139 4119 1173 4182 in
1195 4119 1245 4182 ius
1267 4117 1422 4182 demortui
1444 4116 1539 4179 susei-

407 4221 553 4306 piturque
568 4221 635 4286 eius
650 4223 695 4286 rei
712 4223 908 4288 commodum
922 4230 953 4286 et
965 4223 1211 4287 incommedum:
1229 4243 1301 4285 nam
1314 4221 1380 4284 sive
1392 4218 1539 4285 solvendo

406 4332 479 4388 sunt
508 4327 589 4390 bona
615 4326 681 4390 sive
708 4348 769 4390 non
797 4335 884 4410 sunt,
910 4327 976 4391 sive
1004 4327 1154 4390 domnum
1181 4326 1298 4390 hebent
1320 4325 1386 4387 sive
1407 4323 1539 4400 lucrum,

388 4429 473 4492 sive
495 4428 527 4492 in
553 4430 732 4514 corporibus
754 4438 828 4495 sunt
850 4431 915 4495 sive
938 4431 969 4494 in
994 4430 1177 4512 actionibus,
1201 4431 1234 4493 in
1256 4427 1396 4493 hocloco
1417 4425 1541 4510 proprie

409 4531 490 4594 bona
512 4533 762 4617 appellabuntur.
859 4525 861 4528 ⁵
