3442 5412
635 464 849 529 ..19„..

73 625 191 765 Χ(83.
214 634 319 717 1.3,1
343 634 423 716 lug.
447 651 534 716 quae
557 635 595 700 in
617 631 974 718 133331.3ι·331.43,.8

271 754 425 838 Ulpianus
448 755 525 819 libro
546 758 754 840 aeaapanaimo
776 767 858 819 33333
880 758 923 820 ud
943 757 1075 820 eductam
1112 756 1206 820 Gesta
1226 757 1352 822 frauda-

218 860 314 925 tionis
337 881 430 924 cauea
453 861 592 944 accipere
615 860 764 924 debemus
786 878 849 924 non
873 860 974 924 solum
997 881 1042 942 33,
1089 881 1146 924 333
1170 860 1353 925 contrahens

216 964 346 1046 gesserit
368 963 493 1046 aliquis,
517 985 627 1028 varum
657 964 752 1027 etiam
775 964 801 1027 si
826 965 904 1028 forte
927 881 1191 1074 diff&
1201 962 1361 1028 iudicium*

216 1089 279 1132 non
302 1067 402 1131 adfuit
429 1068 479 1131 331
501 1067 587 1132 litam
620 1068 699 1134 mori
726 1067 865 1151 patiatur
892 1067 941 1131 vel
964 1089 983 1130 a
1006 1067 1144 1132 debitore
1175 1089 1238 1132 non
1262 1067 1351 1153 petit,

217 1179 252 1234 33
271 1178 411 1254 tempore
431 1171 590 1254 liberetur,
615 1178 669 1235 333
688 1192 782 1236 usum
802 1172 940 1236 fructum
959 1171 1009 1236 331
1025 1171 1209 1236 servitutem
1224 1171 1352 1236 amittit.

82 1295 244 1416 )<83.1.
259 1328 327 1409 3,8
350 1329 431 1408 big.
454 1329 596 1395 (13333.
620 1344 743 1395 aarum
766 1328 826 1409 qul
849 1329 915 1394 333
936 1327 1057 1394 333313
1071 1327 1124 1410 37,
1137 1329 1170 1394 9.

269 1446 420 1533 Ulpianus
443 1447 520 1512 libro
543 1451 696 1534 troparium
719 1451 826 1533 93313333
849 1450 893 1512 ad
913 1450 1052 1552 edlapm

1113 1471 1153 1513 un
1200 1471 1232 1518 m
1248 1457 1302 1514 aut
1303 1471 1353 1514 em

218 1553 300 1635 legat
303 1574 355 1617 um
371 1553 535 1638 repudiare
550 1553 729 1638 pupillus
704 1573 771 1618 arne
787 1561 875 1637 praet
877 1553 940 1617 oris
956 1529 1046 1618 adsto
1048 1449 1253 1626 rffln
1206 1525 1351 1639 pdtmes

220 1678 283 1720 esse
299 1657 384 1720 enim
396 1664 427 1721 33
438 1657 519 1721 hanc
531 1657 658 1722 3113333
636 1665 763 1737 t,ronam
780 1677 852 1720 cum
866 1677 915 1720 res
926 1656 968 1720 sit
978 1656 1100 1742 pupilli,
1116 1678 1207 1721 nemo
1220 1657 1351 1722 (13131333

143 1813 195 1878 87.
219 1813 242 1879 1.
260 1813 305 1877 98
327 1813 409 1894 Dig.
433 1812 476 1880 (13
499 1816 596 1881 3333.
622 1813 742 1896 siguli.
766 1811 889 1896 3313.
1221 1841 1255 1884 33
1268 1849 1302 1920 :⁹

265 1931 367 1998 Celsus
390 1933 467 1997 libro
490 1935 668 2018 3393331333
690 1956 771 1998 nouo
792 1935 977 2052 (3933333333
1021 1935 1098 1998 Cum
1120 1935 1222 1999 bisext
1209 1941 1277 1998 tum
1297 1935 1353 1998 ka·

218 2036 391 2101 lendist
344 2046 401 2118 333
426 2037 505 2102 nihil
528 2041 675 2119 3313333
654 2046 760 2102 utrum
780 2038 882 2123 priore
904 2060 944 2101 an
958 2046 1030 2123 post
1032 2038 1129 2103 331333
1145 2038 1195 2102 die
1211 2037 1281 2123 quis
1296 2060 1352 2101 na-

220 2149 270 2204 tus
294 2141 344 2220 sit,
369 2149 400 2204 33
416 2141 560 2227 deinceps
582 2091 704 2206 scritum
721 2141 870 2206 kalendas
893 2142 960 2206 eius
976 2140 1090 2206 natalis
1114 2141 1179 2206 dies
1203 2149 1263 2205 est:
1280 2163 1352 2206 nam

219 2243 253 2305 id
270 2243 399 2308 biduum
423 2266 478 2330 pro
495 2266 557 2309 uno
581 2245 631 2310 die
646 2246 787 2310 habetur.
825 2244 879 2309 sed
896 2246 1047 2330 posterior
1062 2245 1127 2310 dies
1142 2243 1352 2323 intercalatur,

220 2367 284 2410 non
305 2348 403 2432 prior:
428 2348 497 2412 ideo
521 2369 582 2432 quo
606 2369 687 2412 anno
703 2349 923 2413 intercalatum
947 2369 1010 2412 nou
1033 2356 1080 2413 est
1095 2356 1182 2413 sexto
1204 2348 1355 2412 kalendas

222 2459 328 2533 33333,
364 2474 434 2516 cum
468 2452 626 2516 bisextnm
658 2451 801 2516 kalendis
832 2459 892 2531 333,
931 2452 1067 2535 priorem
1098 2452 1182 2516 diem
1219 2452 1354 2516 natalem

192 2555 326 2620 31331333.
373 2556 448 2619 Cato
471 2562 563 2640 putat
585 2577 721 2620 mensem
739 2555 956 2620 intercalarem
979 2547 1165 2620 additioium
1184 2575 1265 2620 esse:
1290 2576 1356 2619 om·

223 2680 339 2743 nosque
367 2659 433 2722 eius
457 2659 600 2742 diaspro
628 2651 786 2723 momento
815 2660 963 2743 temporis
987 2659 1131 2722 observat
1157 2667 1356 2742 extremoque

193 2762 288 2826 adici
316 2763 431 2826 mensis
459 2761 619 2826 Februarii
646 2761 798 2826 adtribuit
825 2762 959 2838 Quintus
986 2761 1116 2825 Mucius.
1162 2761 1278 2826 Mensis
1302 2784 1356 2825 au·
1393 2831 1395 2838 y

222 2874 287 2930 tem
309 2865 502 2930 intercalaris
526 2872 648 2930 constat
671 2886 709 2929 ex
732 2864 842 2928 diebus
865 2864 978 2948 viginti
1000 2872 1079 2928 octo.

144 3005 201 3070 ss.
224 3003 326 3070 3134
349 3003 429 3085 urg.
453 3003 496 3069 33
518 3006 615 3070 333.
639 3001 758 3084 signif.
783 3002 905 3084 33,]3.

267 3124 388 3187 Paulas
411 3123 489 3187 libro
510 3124 639 3186 secando
655 3123 704 3184 ad·
718 3123 808 3206 1393333
829 3121 944 3186 Iuliam
966 3133 994 3185 33
1008 3123 1146 3207 Papiam
1162 3121 1356 3188 ‘Anniculus'

224 3249 285 3291 non
302 3228 410 3291 statim
426 3235 462 3290 33
476 3234 570 3290 33333
587 3234 642 3304 333,
656 3226 711 3291 sed
726 3226 943 3290 trecentesimo
961 3226 1174 3310 sexagensimo
1187 3226 1295 3309 quinto
1309 3227 1358 3290 die

225 3331 347 3410 dicitur,
364 3331 533 3415 incipiente
550 3331 652 3414 plane,
668 3352 729 3393 non
748 3338 855 3394 exacto
872 3330 932 3403 die,
950 3330 1023 3413 quia
1038 3351 1174 3394 annum
1191 3329 1359 3396 civiliter

224 3457 296 3498 non
319 3434 363 3498 ad
386 3440 575 3498 momenta
601 3442 825 3518 temporum,
853 3433 914 3498 scd
940 3433 1086 3497 addice
1110 3455 1357 3499 numeramus.

137 3575 195 3640 so.
221 3574 283 3638 ns
307 3573 388 3654 urg.
412 3571 455 3639 33
477 3572 581 3640 roms
603 3571 697 3654 3,(3.
722 3545 724 3550 ’

268 3693 388 3756 Paulas
411 3693 487 3756 libro
511 3694 735 3756 tertiodecimo
758 3694 801 3756 ad
821 3692 974 3757 Sabinam
1024 3691 1109 3757 More
1133 3694 1272 3756 Romano
1295 3691 1360 3760 dies

226 3820 244 3860 3
267 3797 371 3861 media
392 3805 484 3861 nocte
506 3797 618 3880 incipit
649 3804 680 3861 33
702 3796 861 3879 sequentis
884 3797 984 3861 noctis
1006 3796 1109 3860 media
1133 3803 1220 3879 parte
1243 3795 1359 3859 finitur.
1399 3875 1403 3882 ι

226 3901 332 3985 itaque
359 3901 511 3985 quidquid
535 3901 569 3965 in
594 3901 644 3966 his
671 3901 783 3984 viginti
812 3908 960 3985 quattuor
986 3899 1078 3973 horis,
1105 3899 1208 3964 idest
1239 3898 1360 3963 duabus

226 3992 408 4068 dimidiatis¹
420 4005 564 4069 noctibus
581 4005 695 4068 331333
711 4003 826 4084 media,
851 4012 955 4068 actum
978 4010 1034 4083 est,
1050 4001 1178 4086 perinde
1194 4009 1250 4083 333,
1272 4004 1360 4086 quasi

226 4107 338 4192 quavis
361 4107 539 4172 1333313313
562 4115 667 4172 actum
691 4115 781 4172 esset.

140 4247 199 4312 99.
223 4246 248 4311 l.
265 4245 310 4311 49
334 4245 414 4327 Ilig.
438 4245 481 4312 do
505 4247 607 4314 cond.
630 4248 666 4312 et
689 4245 780 4312 dem.
804 4245 897 4327 35,1.

272 4364 374 4431 Celsae
396 4367 473 4430 libro
496 4368 785 4431 vicesimosecundo
808 4368 994 4450 clipeatorum
1038 4365 1071 4430 Si
1094 4365 1127 4430 in
1144 4386 1239 4429 annos
1256 4366 1361 4431 decem
1462 4431 1464 4436 ,

227 4469 315 4534 133333
337 4469 411 4534 (1333
433 4470 601 4534 damnatus
624 4477 680 4533 ant
703 4469 773 4554 quis
796 4469 875 4534 liber
898 4490 963 4538 3333
986 4469 1089 4532 133333
1113 4476 1169 4550 333,
1192 4468 1362 4534 novissimo

110 4609 112 4612 ·
228 4573 295 4637 3133
316 4573 468 4658 temporis
491 4573 541 4638 die
564 4573 701 4656 legatum
726 4571 891 4638 debebitur
914 4580 944 4636 33
967 4573 1094 4636 libertas
1117 4571 1276 4656 coptingit.

1068 4727 1069 4730 ,
1174 4688 1210 4742 2·
