3442 5412
832 398 1042 461 ,10-

343 571 397 636 44.
420 571 582 638 xrruo.
600 568 848 652 s‚22sonosrr
870 571 921 652 (a
939 567 1035 634 cerro
1055 567 1320 631 assensores
1335 565 1467 650 rusa,
1482 567 1547 649 11).
1670 562 1673 566 ·

463 691 522 767 Qui
553 710 585 754 se
615 689 703 755 siorit
736 689 878 756 testarier
911 689 1101 777 libripensve
1130 687 1234 768 fuerit,
1271 687 1304 750 ni
1334 687 1549 754 testimonium

418 793 558 875 satiatur,
582 793 731 878 inprobus
753 792 1003 875 intestabilisque
1026 798 1102 855 esto.

342 949 397 1015 45.
420 950 445 1015 l.
460 948 527 1030 4‚3
550 948 630 1030 Dig.
654 947 757 1015 dein
779 947 835 1014 ius
857 966 932 1014 voc.
947 947 980 1028 2,
992 946 1025 1011 4.

469 1068 624 1153 Ulpianus
646 1068 724 1131 libro
748 1070 855 1152 quinto
878 1069 921 1130 ad
939 1069 1070 1130 edictum
1107 1068 1254 1130 Parentes
1271 1067 1365 1130 etiam
1381 1088 1433 1132 eos
1449 1069 1548 1154 accipi

418 1172 519 1236 Labeo
547 1172 716 1251 existimat,
744 1172 798 1255 qui
823 1173 857 1234 in
880 1170 1029 1235 servituto
1052 1177 1266 1255 susceperunt:
1295 1191 1352 1234 nec
1375 1179 1489 1254 tamen,
1514 1180 1549 1236 ut

419 1275 550 1340 Severus
574 1275 705 1351 dicebat,
729 1274 768 1338 ad
791 1275 873 1338 solos
893 1274 991 1338 iustos
1006 1272 1133 1337 liberos:
1158 1273 1213 1336 sed
1229 1281 1259 1338 et
1274 1274 1301 1337 si
1317 1274 1407 1356 vulgo
1425 1275 1548 1359 quaesi·

418 1386 468 1442 tus
491 1378 531 1442 sit
553 1379 646 1461 filius,
671 1384 804 1442 matrem
826 1379 859 1461 in
882 1377 931 1441 ius
953 1398 1016 1440 nou
1039 1377 1173 1456 vocabit,

330 1534 387 1601 46.
414 1535 477 1601 lb
505 1535 587 1616 llig.
611 1534 654 1601 do
677 1537 715 1600 in
736 1535 792 1601 ius
814 1551 888 1600 voc.
904 1533 936 1616 2,
947 1533 980 1598 4.

461 1655 585 1719 Paulus
605 1655 681 1718 libro
702 1667 812 1739 quarto
827 1656 869 1718 ad
884 1656 1016 1718 edictum
1053 1654 1127 1738 quia
1143 1675 1264 1739 semper
1280 1625 1364 1720 certa
1380 1662 1435 1738 est,
1452 1656 1548 1720 etiam

416 1759 443 1822 si
465 1759 557 1840 vulgo
581 1759 769 1843 conceperit:
793 1767 900 1844 pater
923 1779 1008 1822 vero
1031 1758 1062 1822 is
1086 1766 1156 1840 est,
1181 1779 1287 1841 quem
1309 1760 1465 1843 nuptiae
1485 1758 1548 1822 de·

416 1869 639 1926 monstrant.

341 1999 393 2064 47.
417 1998 494 2084 §12
517 2001 606 2065 lust.
630 1999 674 2067 do
696 2001 831 2088 nuptiis
853 1999 948 2080 1‚lb.

459 2119 492 2184 Si
521 2120 668 2184 adversus
696 2143 732 2184 ea
759 2141 840 2205 quae
868 2121 1003 2184 diximus
1033 2119 1131 2203 aliqui
1158 2119 1298 2196 coierint,
1333 2140 1390 2182 uec
1416 2118 1465 2182 vir
1492 2141 1548 2183 nec

417 2243 494 2286 uxor
517 2245 574 2287 nec
595 2223 724 2308 nuptiae
740 2245 796 2288 nec
811 2223 1049 2288 matrimonium
1064 2245 1121 2286 nec
1137 2222 1192 2286 dos
1208 2221 1408 2305 intellegitur.
1441 2223 1547 2306 itaque

416 2326 450 2408 ii,
479 2328 532 2410 qui
561 2347 598 2390 ex
626 2348 661 2390 eo
689 2327 771 2391 coitu
799 2335 979 2406 nascuntur,
1007 2327 1039 2391 in
1068 2333 1221 2411 potestate
1248 2325 1347 2410 patris
1373 2347 1436 2389 non
1464 2333 1546 2405 sunt,

416 2429 470 2493 sed
491 2429 570 2492 tales
586 2417 669 2509 sunt
694 2439 847 2514 quantum
863 2430 902 2493 ad
919 2431 1053 2515 patriam
1069 2435 1255 2514 potestatem
1272 2429 1416 2514 pertinet,
1440 2421 1547 2512 quales

416 2539 490 2594 sunt
511 2532 544 2613 ii,
569 2553 646 2615 quos
670 2541 770 2596 mater
785 2532 876 2615 vulgo
901 2517 1067 2616 concepit(
1088 2553 1162 2596 nam
1178 2552 1235 2596 nec
1250 2531 1283 2594 hi
1298 2539 1420 2616 patrem
1435 2532 1548 2596 habere

415 2633 649 2716 intelleguntur,
673 2657 745 2698 cum
768 2636 794 2699 is
817 2636 914 2700 etiam
929 2635 1064 2700 incertus
1080 2644 1140 2698 est:
1164 2634 1248 2698 unde
1263 2634 1363 2699 solent
1378 2633 1435 2698 filii
1450 2633 1547 2718 spurii

416 2736 576 2821 appellari,
601 2738 650 2802 vel
673 2739 824 2803 uGraeca
846 2760 921 2803 voce
944 2739 1033 2822 quasi
1056 2739 1206 2821 σποράδην
1230 2737 1371 2822 concepti
1386 2736 1435 2800 vel
1460 2737 1546 2820 quasi

416 2839 482 2904 sino
509 2849 597 2925 patre
623 2841 688 2905 filii.
734 2841 875 2926 sequitur
902 2863 982 2924 crgo,
1010 2849 1045 2906 ut
1066 2845 1105 2906 'et
1132 2841 1282 2906 dissoluto
1305 2841 1363 2906 tali
1386 2839 1469 2904 coitu
1491 2859 1548 2922 nec

417 2943 497 3007 dotis
520 2944 674 3008 exactioni
698 2944 784 3008 locus
807 2945 858 3008 sit.
897 2946 952 3028 qui
975 2952 1081 3009 autem
1095 2944 1267 3028 prohibitas
1283 2942 1410 3028 nuptias
1426 2949 1546 3021 coeunt,

417 3052 448 3109 et
475 3045 551 3109 alias
578 3067 692 3130 poenas
718 3046 891 3130 patiuntur,
919 3067 998 3129 quae
1026 3047 1121 3109 sacris
1148 3045 1425 3109 constitutionibus
1449 3044 1547 3108 conti-

416 3163 540 3212 nentur.

115 3327 116 3330 γ
231 3123 395 3364 er.
418 3287 444 3352 1.
460 3287 501 3352 23
524 3287 604 3368 urg.
628 3287 671 3354 oo
694 3287 995 3369 saturemus.

461 3407 646 3469 Modestinus
663 3406 738 3469 libro
748 3410 855 3490 primo
868 3410 1094 3490 pandectarum
1132 3407 1230 3490 Vulgo
1247 3406 1388 3493 concepti
1403 3406 1549 3471 dicuntur

416 3510 470 3593 qui
492 3518 613 3595 patrem
636 3509 847 3575 demonstrare
870 3533 933 3575 non
955 3519 1095 3596 possunt,
1118 3512 1168 3576 vel
1192 3511 1246 3594 qui
1265 3518 1395 3594 possunt
1411 3509 1547 3594 quidem,

416 3613 468 3676 sed
498 3634 568 3676 eum
591 3613 717 3693 habent,
747 3635 839 3697 quem
862 3615 974 3679 habere
997 3637 1059 3679 non
1083 3614 1165 3678 licet.
1211 3615 1265 3698 qui
1288 3621 1319 3678 et
1342 3613 1438 3698 spurii
1462 3611 1547 3698 apel-

415 3716 521 3780 lantur
543 3717 622 3800 παρὰ
644 3719 696 3800 τὴν
720 3719 840 3801 σποράν.

250 3793 394 3930 ἧς).
417 3864 482 3930 no
507 3864 585 3946 urg.
609 3864 652 3932 ue
675 3865 732 3931 nrs
756 3867 814 3948 qur
838 3867 893 3932 sur
915 3866 970 3932 ver
993 3867 1038 3931 n.
1061 3867 1129 3931 nn.
1153 3867 1235 3932 sunt
1257 3865 1285 3945 1,
1298 3864 1331 3929 o.

466 3984 622 4070 Ulpianus
654 3985 730 4049 labro
760 4008 841 4050 nono
867 3989 910 4050 ud
934 3985 1088 4051 Sabinum
1134 3988 1248 4052 Filium
1275 4008 1346 4050 eum
1373 3985 1547 4061 definimus

416 4090 470 4172 qui
497 4110 535 4152 cx
558 4089 623 4152 viro
651 4097 681 4154 et
710 4111 804 4154 uxore
833 4091 899 4155 eius
928 4093 1074 4154 nascitur,
1120 4090 1172 4154 sed
1200 4091 1226 4154 si
1254 4091 1408 4172 fingamus
1434 4087 1548 4152 afuisse

415 4191 563 4254 maritum
580 4193 667 4255 verbi
688 4195 787 4274 gratia
801 4214 856 4276 per
872 4193 1067 4273 decennium,
1092 4215 1249 4258 reversum
1265 4193 1448 4256 anniculum
1463 4191 1548 4256 inve·

415 4295 499 4360 nisse
521 4294 554 4359 in
578 4295 668 4360 domo
691 4316 758 4376 sua,
782 4297 884 4381 placet
899 4298 989 4361 nobis
1005 4297 1120 4361 Iuliani
1137 4296 1292 4362 sententia
1308 4297 1391 4360 hunc
1407 4317 1468 4360 non
1484 4315 1548 4360 esse

415 4396 522 4460 mariti
544 4397 654 4460 filium.
693 4419 756 4462 nou
779 4383 884 4463 tamen
901 4399 1063 4464 ferendum
1079 4399 1219 4464 lulianus
1242 4400 1286 4463 sit
1302 4420 1384 4480 eum,
1408 4399 1549 4483 quicum

415 4519 510 4564 uxore
539 4521 596 4565 sua
623 4501 751 4566 adsidue
779 4510 917 4566 moratus
939 4496 1018 4566 nolit
1040 4502 1140 4567 filium
1164 4503 1350 4586 adgnoscere
1374 4503 1463 4586 quasi
1485 4523 1547 4566 non
