3442 5412
671 427 885 494 ..53-

279 619 344 662 rem
367 597 489 664 tradere
511 598 601 682 isque
623 597 681 662 hae
703 607 808 664 mente
831 599 993 683 acciperet,
1017 607 1053 664 ut
1076 621 1142 664 rem
1165 601 1242 666 Titii
1266 601 1390 680 faceret,

279 701 356 766 nihil
384 707 506 784 agetur:
540 722 613 765 nam
642 708 673 764 et
700 700 727 765 si
755 703 945 786 procuratori
974 723 1043 766 meo
1067 723 1133 767 rem
1155 702 1331 781 tradideris
1356 711 1391 766 ut

278 825 380 868 meam
403 804 529 883 faceres,
554 803 580 867 is
602 803 661 867 heo
682 811 786 868 mente
806 805 969 889 acceperit,
995 812 1030 868 ut
1052 826 1141 869 suam
1162 806 1288 882 faceret,
1311 804 1391 869 nihil

278 915 395 990 agetur.
441 906 523 992 quod
556 907 583 970 si
616 927 724 972 seruus
752 908 925 972 communis
951 907 1009 972 hae
1036 917 1140 973 mente
1169 907 1331 992 acceperit,
1355 916 1390 971 ut

279 1010 412 1074 duorum
443 1009 641 1075 dominorum
674 1011 797 1092 faceret,
832 1011 865 1076 in
893 1019 981 1096 parte
1008 1011 1137 1076 alterius
1166 1011 1284 1076 domini
1311 1010 1391 1076 nihil

278 1122 394 1196 agetur.

170 1250 249 1315 239.
272 1250 296 1316 l.
311 1249 352 1314 18
374 1267 429 1332 pr.
452 1249 534 1331 Dig.
558 1249 601 1317 do
624 1249 702 1331 adq.
724 1250 781 1317 rel
804 1250 919 1316 amitt.
943 1269 1037 1335 poss.
1059 1251 1111 1334 41,
1124 1255 1154 1318 2.

325 1368 427 1434 Cedros
450 1370 528 1434 libro
549 1373 711 1434 uicensimo
734 1374 820 1434 tertio
843 1373 1027 1457 dipestoram
1063 1373 1150 1449 Quod
1173 1393 1243 1438 meo
1264 1371 1391 1437 nomine

276 1474 429 1560 possideo,
458 1495 586 1559 possum
614 1474 715 1538 alieno
739 1475 869 1540 nomine
897 1476 1072 1560 possidere:
1106 1498 1163 1542 neo
1191 1477 1274 1540 enim
1302 1473 1388 1539 muto

278 1576 355 1641 mihi
378 1597 506 1642 oausam
527 1576 737 1662 possessionis
766 1577 820 1642 sed
846 1578 975 1644 desino
999 1579 1192 1665 possidere
1215 1586 1251 1644 et
1273 1578 1388 1642 alium

277 1701 534 1766 possessorem
555 1679 770 1745 ministerio
793 1703 871 1744 meo
898 1682 1007 1746 facio.
1052 1704 1108 1746 neo
1135 1682 1219 1746 idem
1247 1690 1293 1746 est
1316 1701 1388 1764 pos-

277 1784 377 1849 sidere
414 1791 445 1847 et
483 1782 584 1847 alieno
622 1784 748 1847 nomine
785 1783 956 1867 possidere:
998 1807 1072 1848 nam
1110 1783 1261 1869 possidet,
1302 1783 1389 1847 ouius

277 1887 402 1952 nomine
435 1885 625 1970 possidetur,
661 1893 842 1970 procurator·
876 1886 995 1951 alienae
1029 1887 1218 1972 possessioni
1251 1873 1388 1971 praestat

277 1990 495 2056 ministerium.
522 2061 525 2066 ,

169 2133 248 2200 240.
270 2135 295 2200 l.
311 2133 398 2217 44,2
419 2135 502 2217 Dig.
526 2135 570 2202 do
594 2135 673 2217 adq.
697 2129 890 2202 vel‘umitt.
912 2152 1008 2220 poss.
1023 2135 1075 2218 41,
1088 2139 1119 2238 2.

319 2257 519 2340 Papinianus
536 2255 612 2319 libro
627 2259 789 2320 uicensimo
805 2260 893 2320 tertio
909 2259 1121 2342 quaestionum
1148 2257 1272 2340 'Quibus
1288 2255 1387 2341 expli-

277 2359 357 2439 oitis,
375 2380 446 2423 eum
458 2360 497 2423 de
508 2359 683 2424 emittenda
694 2360 886 2445 possessione
899 2368 1075 2445 quaeratur,
1092 2360 1228 2425 multum
1239 2360 1388 2424 interesse

278 2463 390 2543 dicam,
413 2485 469 2548 per
490 2472 613 2528 nosmet
636 2464 718 2549 ipsos
742 2486 782 2527 an
801 2485 857 2549 per
872 2464 949 2529 alios
965 2464 1207 2549 possideremus:
1231 2484 1305 2526 nam
1322 2462 1388 2526 eius

277 2566 413 2651 quidem,
443 2567 526 2650 quod
550 2588 676 2651 corpore
698 2576 803 2634 nostro
827 2575 1012 2649 teneremus,
1036 2567 1262 2652 possessionem
1285 2565 1388 2632 amitti

276 2670 326 2735 vel
350 2670 455 2734 animo
479 2670 529 2735 vel
553 2671 648 2734 etiam
670 2691 807 2755 corpore,
831 2671 971 2735 simodo
995 2692 1030 2735 eo
1048 2671 1153 2736 animo
1169 2670 1243 2734 inde
1259 2669 1388 2759 digressi

278 2772 452 2852 fuissemus
477 2794 517 2849 ne
539 2773 784 2857 possideremus:
814 2773 880 2838 eius
904 2795 986 2853 vere,
1010 2771 1269 2856 quodse1·vivel
1293 2772 1386 2835 etiam

277 2876 377 2941 ooloni
393 2897 519 2960 corpore
534 2877 720 2960 possidetur,
735 2898 798 2940 non
813 2876 905 2942 aliter
920 2876 1025 2940 amitti
1040 2875 1276 2960 possessionem,
1292 2896 1386 2959 quam

276 3000 346 3043 eam
380 2978 459 3043 alius
492 2979 649 3062 ingressus
682 2979 803 3059 fuisset,
837 2999 970 3062 eamque
1004 2980 1108 3043 amitti
1141 2978 1230 3043 nobis
1265 2999 1387 3064 quoque

275 3083 499 3166 ignorantibus

181 3221 253 3286 au.
276 3222 300 3288 r.
315 3221 377 3287 ree
398 3222 480 3304 urg.
504 3221 546 3288 oe
568 3239 644 3303 reg.
667 3222 735 3287 rur.
758 3222 817 3303 so,
829 3220 875 3286 rr.

319 3343 439 3406 Paulus
466 3341 543 3405 libro
565 3345 771 3426 seraperase'mo
792 3344 900 3427 quinto
923 3343 966 3405 od
986 3344 1115 3407 edictam
1159 3342 1234 3406 Fere
1257 3343 1386 3426 quibus-

276 3467 408 3530 cumque
424 3447 525 3510 modis
542 3446 725 3530 obligamur,
742 3446 841 3511 isdem
857 3448 891 3510 in
907 3446 1098 3512 eontrarium
1114 3446 1191 3510 aotis
1206 3446 1385 3528 liberamur,

219 3553 223 3560 '
275 3537 347 3612 oum
381 3549 494 3634 quibus
527 3549 629 3613 modis
663 3549 866 3634 adquirimus,
901 3549 1000 3616 isdem
1029 3549 1062 3614 in
1092 3549 1282 3614 eontrarium
1310 3550 1387 3613 actis

276 3651 459 3716 amittimus.
506 3659 542 3716 ut
573 3653 670 3736 igitur·
695 3654 783 3717 nulla
809 3653 961 3738 possessio
990 3653 1113 3738 adquiri
1134 3653 1199 3734 ‚nisi
1223 3653 1327 3717 auimo
1356 3661 1386 3715 et

275 3775 403 3839 corpere
424 3763 535 3840 potest,
563 3757 610 3820 ita
636 3757 724 3821 nulla
746 3757 911 3837 amittitur,
939 3756 1000 3820 nisi
1022 3757 1055 3820 in
1080 3777 1140 3840 qua
1163 3763 1331 3840 utrumque
1353 3756 1387 3819 in

276 3860 464 3942 eontrarium
488 3868 592 3924 aetum
615 3866 671 3924 est.

177 3992 252 4059 242.
276 3994 299 4059 1.
316 3994 384 4076 3,8
407 3994 487 4076 urg.
510 3994 554 4062 de
576 3995 654 4076 adq.
676 3994 733 4061 vel
754 3995 870 4062 amitt.
892 4010 986 4078 poss.
1009 3987 1117 4076 41,ss

317 4115 439 4179 Paulus
470 4115 546 4179 libro
573 4118 846 4201 quiaquopmsimo
873 4127 985 4200 quarto
1013 4116 1056 4178 od
1080 4115 1212 4180 edictum
1256 4115 1289 4178 Si
1318 4115 1387 4198 quis

275 4220 399 4284 nuntiet
430 4219 558 4284 domum
589 4242 608 4283 a
635 4220 808 4285 latronibus
835 4231 1017 4305 occupatam
1045 4226 1076 4284 et
1103 4220 1248 4284 dominus
1275 4219 1391 4284 timore·

274 4323 459 4387 conterritus
496 4324 631 4389 noluerit
668 4324 822 4405 accedere,
850 4321 1019 4388 *amississe'
1055 4345 1127 4388 eum
1162 4323 1386 4406 possessiouem

275 4419 386 4510 placet.
432 4427 515 4511 quod
542 4428 569 4492 si
592 4448 700 4493 servus
723 4425 773 4493 vel
796 4429 933 4510 colonus,
962 4449 1017 4512 per
1040 4448 1116 4511 quos
1140 4446 1266 4510 corpore
1288 4428 1387 4511 possi·

275 4528 398 4611 debam,
414 4522 603 4596 deoesserint
615 4525 860 4613 discesserintve‚
877 4531 981 4596 animo
998 4530 1137 4595 retinebo
1150 4529 1385 4615 possessionem.
