3442 5412
677 466 721 478 ..
762 430 802 493 51
849 467 891 478 .-

176 599 255 664 229.
281 598 305 664 1.
322 598 384 682 3,1
408 599 486 680 urg.
510 599 553 666 de
576 599 654 681 adq.
677 601 735 667 rel
757 601 873 667 amitt.
895 547 990 685 poss.
1005 601 1057 684 41,
1070 604 1102 668 2.

327 719 447 782 Paulas
469 718 546 782 libro
569 721 845 805 qaiaqaopmea'mo
869 733 981 805 quarto
1004 721 1047 784 ad
1067 722 1198 786 edictam
1231 721 1269 785 Et
1285 722 1395 807 apisci·

180 844 183 849 ·
284 843 355 886 mur
376 824 602 908 possessionem
624 845 750 909 corpore
773 833 804 889 et
827 825 942 905 animo,
966 847 1067 909 neque
1090 846 1145 910 per
1166 846 1199 890 se
1215 825 1319 889 animo
1340 837 1395 890 aut

284 945 339 1010 per
365 947 397 990 se
425 948 561 1010 corpore.
607 926 690 1010 quod
718 935 823 992 autem
851 927 989 992 diximus
1016 934 1047 992 et
1077 949 1203 1013 corpore
1231 936 1262 992 ιι
1289 927 1409 1006 animo,

283 1028 447 1113 adquirere
462 1048 519 1093 nos
534 1029 646 1094 debere
661 1031 899 1115 possessionem,
915 1051 979 1096 non
995 1031 1102 1115 utique
1118 1031 1163 1094 ita
1178 1030 1394 1115 accipiendum

283 1142 340 1212 est,
368 1133 479 1216 utqui
502 1134 635 1197 fundum
657 1134 814 1218 possidere
837 1134 923 1213 velit,
952 1155 1059 1199 omnes
1082 1134 1186 1217 glebas
1209 1135 1393 1199 circumam-

284 1236 384 1300 bulet:
408 1236 462 1300 sed
484 1236 600 1300 sufficit
587 1237 799 1320 tquamlibet
818 1245 939 1322 partem
963 1237 1029 1302 eius
1051 1237 1165 1302 fundi
1156 1237 1295 1316 introire,
1319 1238 1391 1302 dum

283 1347 387 1403 mente
421 1347 452 1403 ιι
479 1340 665 1422 cogitatione
691 1340 828 1422 hactsit,
863 1341 986 1404 rto
988 1362 1040 1404 um
1068 1340 1201 1405 fundum
1227 1361 1327 1426 nsque
1354 1340 1394 1404 ad

284 1442 453 1506 terminum
475 1443 553 1506 velit
573 1442 740 1527 possidere.

174 1580 255 1646 230.
284 1580 310 1646 1.
325 1580 354 1662 l,
365 1579 403 1660 21
425 1581 507 1663 Dig.
531 1580 574 1648 de
597 1581 674 1663 adq.
698 1581 764 1648 vel.
787 1583 902 1648 amitt.
924 1598 1018 1666 poss.
1034 1581 1085 1664 41,
1097 1585 1128 1647 2.

325 1700 447 1763 Paulus
470 1699 548 1764 libro
564 1703 837 1786 quinquepenaimo
854 1713 965 1785 quarto
979 1703 1022 1765 ud
1036 1703 1167 1766 edurum
1200 1701 1234 1766 si
1248 1702 1394 1765 iusserim

283 1804 478 1868 venditorem
501 1804 694 1887 procuratori
716 1825 783 1868 rem
805 1803 936 1884 tradere,
961 1825 1030 1867 cum
1047 1825 1084 1868 ea
1099 1804 1133 1868 in
1148 1803 1324 1888 praesentia
1341 1805 1391 1886 sit,

282 1905 382 1970 videri
409 1905 487 1970 mihi
513 1905 663 1986 traditam
685 1905 808 1970 Priscus
836 1907 889 1988 ait,
918 1905 1064 1990 idemque
1091 1927 1166 1986 esse,
1194 1907 1221 1971 si
1248 1928 1392 1972 nummos

283 2007 457 2073 debitorem
479 2009 627 2073 iusserim
651 2009 707 2072 alii
730 2008 813 2072 dare.
851 2031 915 2072 non
938 2029 1004 2073 esse
1020 2008 1104 2073 enim
1120 2030 1247 2094 corpore
1262 2017 1293 2073 et
1308 2018 1394 2073 tactu

282 2132 405 2176 necesse
428 2111 659 2197 adprehendere
681 2111 915 2196 possessionem,
939 2111 993 2175 sed
1010 2111 1106 2176 etiam
1123 2112 1220 2176 oculis
1235 2097 1393 2177 et‘ali'ectu

283 2223 464 2296 argumento
487 2234 553 2279 esse
577 2235 628 2278 eas
651 2235 710 2294 res,
733 2235 813 2297 quae
835 2220 961 2299 propter
983 2214 1232 2297 magnitudinem
1248 2214 1392 2299 ponderis

283 2317 402 2381 moveri
422 2338 483 2382 non
499 2322 639 2402 possunt,
663 2325 700 2380 ιιι
715 2316 885 2399 columnas,
905 2337 981 2380 nam
996 2338 1051 2401 pro
1066 2317 1191 2380 traditis
1207 2337 1259 2381 eas
1275 2317 1392 2398 haberi,

282 2419 309 2484 si
336 2419 370 2483 in
397 2441 430 2483 re
452 2419 609 2534 praesenti
633 2419 858 2484 consenserint:
895 2427 925 2483 et
947 2419 1057 2483 sinat
1044 2419 1160 2483 tradita
1182 2418 1293 2502 videri,
1321 2441 1393 2484 cum

251 2522 386 2587 claves
408 2523 505 2586 cellae
528 2522 669 2586 vinariae
692 2523 861 2607 emptorit
848 2521 946 2586 tradit
933 2529 983 2586 tae
1005 2522 1132 2587 fuerint.

187 2660 365 2728 ιιιιιι
389 2660 468 2743 lug.
492 2660 535 2728 de
559 2658 1014 2742 contaminanatus.

325 2780 486 2844 Iavolenus
509 2779 586 2844 libro
608 2782 723 2844 deciam
745 2780 951 2864 epistularum
994 2780 1173 2861 Pecuniam,
1196 2803 1292 2865 quam
1313 2781 1392 2846 mihi

282 2883 385 2966 debes,
410 2892 464 2947 aut
486 2883 583 2947 aliam
605 2904 670 2947 rem
693 2883 719 2946 si
741 2882 775 2946 in
798 2891 965 2966 conspectu
987 2903 1056 2946 meo
1080 2903 1193 2966 ponere
1208 2892 1240 2947 te
1256 2883 1390 2962 iubeam,

282 2986 426 3066 efficitur,
450 2994 485 3049 ιι
507 2993 538 3050 ιι
560 2994 595 3049 tu
618 2986 724 3050 statim
748 2985 898 3064 libereris,
922 2993 953 3048 ιι
976 3006 1047 3048 mea
1069 3005 1134 3048 esse
1149 2986 1294 3072 incipiat:
1317 3007 1391 3050 nam

281 3099 359 3169 tum,
388 3089 472 3173 quod
498 3111 517 3152 a
543 3089 629 3154 nullo
657 3089 856 3173 corporaliter
883 3089 949 3153 eius
976 3088 1021 3152 rei
1047 3090 1200 3172 possessio
1223 3089 1390 3168 detinetur,

281 3193 440 3278 adquisita
472 3193 551 3256 mihi
585 3201 615 3256 et
649 3192 917 3276 quodammodo
953 3213 1063 3256 manu
1101 3191 1211 3274 longa
1248 3192 1391 3256 tradita

282 3295 491 3361 existimanda
513 3304 569 3360 est.

182 3422 257 3488 232.
279 3423 504 3506 1.18,21)ig.
528 3424 571 3490 dc
594 3424 672 3505 adq.
695 3423 752 3490 rel
775 3424 891 3488 amitt.
913 3440 1009 3506 poss·
1032 3421 1083 3504 41,
1095 3425 1125 3487 2.

250 3628 253 3633 ¹
325 3543 427 3610 Celsae
450 3543 527 3608 labro
549 3545 710 3608 uicensimo
726 3547 814 3606 tertie
829 3544 1015 3628 dipestorura
1049 3543 1083 3608 si
1098 3543 1293 3608 uenditorem
1308 3543 1390 3626 quod

280 3648 409 3712 emerim
431 3631 585 3733 deponere
607 3648 639 3712 in
659 3668 730 3710 mea
745 3647 836 3713 domo
853 3647 1008 3728 iusserim,
1032 3646 1190 3730 possidere
1205 3667 1255 3710 me
1271 3656 1390 3710 certum

280 3761 337 3831 est,
361 3772 552 3836 quamquam
574 3750 606 3814 id
628 3772 720 3814 nemo
743 3751 819 3814 dum
842 3749 994 3832 attigerit:
1018 3757 1072 3813 aut
1094 3750 1120 3813 si
1147 3749 1285 3813 vicinum
1312 3749 1390 3813 milri

280 3855 412 3919 fundum
435 3863 570 3919 mercato
594 3854 737 3918 venditor
757 3853 790 3917 in
806 3874 876 3917 mea
890 3862 975 3916 turre
991 3851 1182 3915 demonstret
1196 3872 1389 3936 vacuamque

279 3978 313 4022 se
344 3958 568 4042 possessionem
604 3956 726 4020 tradere
753 3956 847 4035 dicat,
880 3977 943 4019 non
975 3955 1080 4018 minus
1107 3953 1264 4038 possidere
1291 3956 1387 4039 coepi,

279 4081 373 4143 qnam
396 4062 423 4124 si
445 4060 556 4145 pedem
578 4060 693 4123 finibus
715 4059 900 4123 intulissem.

170 4196 247 4262 233.
274 4198 298 4263 l.
314 4196 356 4262 55
378 4197 459 4279 lug.
483 4196 526 4263 de
549 4195 627 4278 adq.
649 4214 721 4263 rer.
745 4195 837 4263 dom.
859 4193 950 4279 41,1.

321 4316 473 4380 Proculas
495 4316 572 4379 libro
593 4317 722 4381 secundo
744 4316 950 4401 epistularum
980 4317 1017 4380 In
1039 4315 1196 4401 laqueum,
1220 4336 1314 4398 quem
1335 4325 1390 4378 ιἰ-Ι

278 4421 376 4486 nandi
390 4441 485 4486 causa
499 4441 655 4505 posueras,
673 4442 747 4505 aper
762 4420 887 4484 incidit:
903 4441 975 4484 cum
990 4441 1025 4483 eo
1041 4420 1191 4501 haereret,
1208 4427 1388 4503 exemptum

279 4546 350 4589 eum
374 4525 503 4588 abstuli:
539 4545 615 4588 num
638 4524 697 4587 tibi
718 4523 826 4588 videor
848 4532 937 4590 tuum
961 4544 1071 4607 aprum
1095 4521 1280 4586 abstulisse?
1299 4530 1340 4586 ‘et
1362 4523 1388 4586 si

1195 4641 1233 4692 4*
