<?xml version="1.0" encoding="UTF-8"?>
<!DOCTYPE html PUBLIC "-//W3C//DTD XHTML 1.0 Transitional//EN"
    "http://www.w3.org/TR/xhtml1/DTD/xhtml1-transitional.dtd">
<html xmlns="http://www.w3.org/1999/xhtml" xml:lang="en" lang="en">
 <head>
  <title>
</title>
<meta http-equiv="Content-Type" content="text/html;charset=utf-8" />
  <meta name='ocr-system' content='tesseract 3.04.00' />
  <meta name='ocr-capabilities' content='ocr_page ocr_carea ocr_par ocr_line ocrx_word'/>
</head>
<body>
  <div class='ocr_page' id='page_1' title='image "ausgewhltequell00kbgoog_0011.png"; bbox 0 0 3442 5412; ppageno 0'>
   <div class='ocr_carea' id='block_1_1' title="bbox 863 454 1055 515">
    <p class='ocr_par' dir='ltr' id='par_1_1' title="bbox 863 454 1055 515">
     <span class='ocr_line' id='line_1_1' title="bbox 863 454 1055 515; baseline -0.01 -17"><span class='ocrx_word' id='word_1_1' title='bbox 863 454 1055 515; x_wconf 71' lang='grc'><strong>..4-</strong></span> 
     </span>
    </p>
   </div>
   <div class='ocr_carea' id='block_1_2' title="bbox 435 621 1691 894">
    <p class='ocr_par' dir='ltr' id='par_1_2' title="bbox 435 621 1691 894">
     <span class='ocr_line' id='line_1_2' title="bbox 435 621 1691 712; baseline 0.003 -26"><span class='ocrx_word' id='word_1_2' title='bbox 435 621 474 686; x_wconf 88' lang='lat' dir='ltr'><strong>ad</strong></span> <span class='ocrx_word' id='word_1_3' title='bbox 501 622 586 707; x_wconf 85' lang='lat' dir='ltr'><strong>ipsos</strong></span> <span class='ocrx_word' id='word_1_4' title='bbox 613 621 752 706; x_wconf 85' lang='lat' dir='ltr'><strong>Tyrauos</strong></span> <span class='ocrx_word' id='word_1_5' title='bbox 786 622 901 706; x_wconf 84' lang='lat' dir='ltr'><strong>quique</strong></span> <span class='ocrx_word' id='word_1_6' title='bbox 934 623 973 686; x_wconf 94' lang='lat' dir='ltr'><strong>ab</strong></span> <span class='ocrx_word' id='word_1_7' title='bbox 1007 622 1047 686; x_wconf 91' lang='lat' dir='ltr'><strong>iis</strong></span> <span class='ocrx_word' id='word_1_8' title='bbox 1080 623 1250 687; x_wconf 90' lang='lat' dir='ltr'><strong>seeundum</strong></span> <span class='ocrx_word' id='word_1_9' title='bbox 1284 624 1365 707; x_wconf 81' lang='lat' dir='ltr'><strong>leges</strong></span> <span class='ocrx_word' id='word_1_10' title='bbox 1399 646 1506 690; x_wconf 88' lang='lat' dir='ltr'><strong>eorum</strong></span> <span class='ocrx_word' id='word_1_11' title='bbox 1531 627 1566 690; x_wconf 93' lang='lat' dir='ltr'><strong>iu</strong></span> <span class='ocrx_word' id='word_1_12' title='bbox 1690 707 1691 712; x_wconf 5' lang='grc' dir='ltr'>ἵ</span> 
     </span>
     <span class='ocr_line' id='line_1_3' title="bbox 435 724 1691 809; baseline 0.003 -20"><span class='ocrx_word' id='word_1_13' title='bbox 435 746 600 790; x_wconf 91' lang='lat' dir='ltr'><strong>numerum</strong></span> <span class='ocrx_word' id='word_1_14' title='bbox 624 725 741 790; x_wconf 91' lang='lat' dir='ltr'><strong>oivium</strong></span> <span class='ocrx_word' id='word_1_15' title='bbox 763 724 920 809; x_wconf 78' lang='lat' dir='ltr'><strong>adsumpti</strong></span> <span class='ocrx_word' id='word_1_16' title='bbox 943 731 1026 805; x_wconf 88' lang='lat' dir='ltr'><strong>sunt,</strong></span> <span class='ocrx_word' id='word_1_17' title='bbox 1049 746 1087 790; x_wconf 86' lang='lat' dir='ltr'><strong>ex</strong></span> <span class='ocrx_word' id='word_1_18' title='bbox 1107 725 1238 809; x_wconf 89' lang='lat' dir='ltr'><strong>pristino</strong></span> <span class='ocrx_word' id='word_1_19' title='bbox 1255 748 1339 792; x_wconf 89' lang='lat' dir='ltr'><strong>more</strong></span> <span class='ocrx_word' id='word_1_20' title='bbox 1354 727 1434 792; x_wconf 92' lang='lat' dir='ltr'><strong>nihil</strong></span> <span class='ocrx_word' id='word_1_21' title='bbox 1449 729 1566 793; x_wconf 91' lang='lat' dir='ltr'><strong>mutari</strong></span> <span class='ocrx_word' id='word_1_22' title='bbox 1690 727 1691 734; x_wconf 65' lang='lat'><em>&#39;</em></span> 
     </span>
     <span class='ocr_line' id='line_1_4' title="bbox 436 829 588 894; baseline -0.013 0"><span class='ocrx_word' id='word_1_23' title='bbox 436 829 588 894; x_wconf 89' lang='lat' dir='ltr'><strong>volumus.</strong></span> 
     </span>
    </p>
   </div>
   <div class='ocr_carea' id='block_1_3' title="bbox 377 958 1139 1042">
    <p class='ocr_par' dir='ltr' id='par_1_3' title="bbox 377 958 1139 1042">
     <span class='ocr_line' id='line_1_5' title="bbox 377 958 1139 1042; baseline 0.003 -20"><span class='ocrx_word' id='word_1_24' title='bbox 377 958 411 1024; x_wconf 82' lang='grc'><strong>6.</strong></span> <span class='ocrx_word' id='word_1_25' title='bbox 434 960 500 1025; x_wconf 66' lang='lat' dir='ltr'><strong>at</strong></span> <span class='ocrx_word' id='word_1_26' title='bbox 524 958 607 1026; x_wconf 76' lang='lat' dir='ltr'><strong>cod.</strong></span> <span class='ocrx_word' id='word_1_27' title='bbox 629 976 718 1040; x_wconf 83' lang='lat' dir='ltr'><strong>quae</strong></span> <span class='ocrx_word' id='word_1_28' title='bbox 741 959 791 1024; x_wconf 86' lang='lat' dir='ltr'><strong>sit</strong></span> <span class='ocrx_word' id='word_1_29' title='bbox 811 959 906 1040; x_wconf 80' lang='lat' dir='ltr'><strong>long.</strong></span> <span class='ocrx_word' id='word_1_30' title='bbox 930 975 1024 1026; x_wconf 85' lang='lat' dir='ltr'><strong>eous.</strong></span> <span class='ocrx_word' id='word_1_31' title='bbox 1040 959 1073 1042; x_wconf 83' lang='lat'><strong>8,</strong></span> <span class='ocrx_word' id='word_1_32' title='bbox 1086 958 1139 1024; x_wconf 75' lang='lat'><strong>52.</strong></span> 
     </span>
    </p>
   </div>
   <div class='ocr_carea' id='block_1_4' title="bbox 433 1053 1691 1271">
    <p class='ocr_par' dir='ltr' id='par_1_4' title="bbox 433 1053 1691 1271">
     <span class='ocr_line' id='line_1_6' title="bbox 477 1053 1691 1166; baseline 0.002 -22"><span class='ocrx_word' id='word_1_33' title='bbox 477 1080 558 1165; x_wconf 77' lang='lat' dir='ltr'><strong>Inep.</strong></span> <span class='ocrx_word' id='word_1_34' title='bbox 584 1078 803 1144; x_wconf 77' lang='lat' dir='ltr'><em>Constantinus</em></span> <span class='ocrx_word' id='word_1_35' title='bbox 826 1081 866 1144; x_wconf 89' lang='lat' dir='ltr'><strong>A.</strong></span> <span class='ocrx_word' id='word_1_36' title='bbox 882 1081 924 1143; x_wconf 88' lang='lat' dir='ltr'><strong>ad</strong></span> <span class='ocrx_word' id='word_1_37' title='bbox 938 1079 1107 1144; x_wconf 84' lang='lat' dir='ltr'><strong>Proculum</strong></span> <span class='ocrx_word' id='word_1_38' title='bbox 1131 1081 1176 1164; x_wconf 91' lang='lat' dir='ltr'><strong>(a.</strong></span> <span class='ocrx_word' id='word_1_39' title='bbox 1192 1078 1274 1166; x_wconf 85' lang='lat'><strong><em>319)</em></strong></span> <span class='ocrx_word' id='word_1_40' title='bbox 1325 1082 1565 1147; x_wconf 85' lang='lat' dir='ltr'><strong>Consuetudinis</strong></span> <span class='ocrx_word' id='word_1_41' title='bbox 1690 1053 1691 1116; x_wconf 46' lang='lat' dir='ltr'><strong>l</strong></span> 
     </span>
     <span class='ocr_line' id='line_1_7' title="bbox 433 1183 1691 1271; baseline 0.003 -24"><span class='ocrx_word' id='word_1_42' title='bbox 433 1204 570 1268; x_wconf 89' lang='lat' dir='ltr'><strong>ususque</strong></span> <span class='ocrx_word' id='word_1_43' title='bbox 599 1183 742 1266; x_wconf 84' lang='lat' dir='ltr'><strong>longaevi</strong></span> <span class='ocrx_word' id='word_1_44' title='bbox 770 1205 830 1249; x_wconf 90' lang='lat' dir='ltr'><strong>non</strong></span> <span class='ocrx_word' id='word_1_45' title='bbox 859 1183 929 1248; x_wconf 86' lang='lat' dir='ltr'><strong>vilis</strong></span> <span class='ocrx_word' id='word_1_46' title='bbox 957 1184 1125 1248; x_wconf 86' lang='lat' dir='ltr'><strong>auotoritas</strong></span> <span class='ocrx_word' id='word_1_47' title='bbox 1153 1192 1209 1265; x_wconf 85' lang='lat' dir='ltr'><strong>est,</strong></span> <span class='ocrx_word' id='word_1_48' title='bbox 1241 1206 1349 1249; x_wconf 91' lang='lat' dir='ltr'><strong>verum</strong></span> <span class='ocrx_word' id='word_1_49' title='bbox 1375 1208 1438 1251; x_wconf 94' lang='lat' dir='ltr'><strong>non</strong></span> <span class='ocrx_word' id='word_1_50' title='bbox 1465 1207 1564 1271; x_wconf 86' lang='lat' dir='ltr'><strong>usque</strong></span> <span class='ocrx_word' id='word_1_51' title='bbox 1690 1199 1691 1202; x_wconf 76' lang='grc'>’</span> 
     </span>
    </p>
   </div>
   <div class='ocr_carea' id='block_1_5' title="bbox 433 1286 1635 1373">
    <p class='ocr_par' dir='ltr' id='par_1_5' title="bbox 433 1286 1635 1373">
     <span class='ocr_line' id='line_1_8' title="bbox 433 1286 1635 1373; baseline 0.002 -22"><span class='ocrx_word' id='word_1_52' title='bbox 433 1286 509 1351; x_wconf 91' lang='lat' dir='ltr'><strong>adeo</strong></span> <span class='ocrx_word' id='word_1_53' title='bbox 532 1287 580 1351; x_wconf 87' lang='lat' dir='ltr'><strong>sui</strong></span> <span class='ocrx_word' id='word_1_54' title='bbox 603 1287 738 1351; x_wconf 88' lang='lat' dir='ltr'><strong>valitura</strong></span> <span class='ocrx_word' id='word_1_55' title='bbox 760 1287 927 1366; x_wconf 88' lang='lat' dir='ltr'><strong>momento,</strong></span> <span class='ocrx_word' id='word_1_56' title='bbox 951 1294 987 1352; x_wconf 92' lang='lat' dir='ltr'><strong>ut</strong></span> <span class='ocrx_word' id='word_1_57' title='bbox 1006 1293 1061 1373; x_wconf 88' lang='lat' dir='ltr'><strong>aut</strong></span> <span class='ocrx_word' id='word_1_58' title='bbox 1081 1288 1233 1353; x_wconf 87' lang='lat' dir='ltr'><strong>rationem</strong></span> <span class='ocrx_word' id='word_1_59' title='bbox 1253 1288 1359 1353; x_wconf 87' lang='lat' dir='ltr'><strong>vineat</strong></span> <span class='ocrx_word' id='word_1_60' title='bbox 1378 1297 1433 1354; x_wconf 89' lang='lat' dir='ltr'><strong>aut</strong></span> <span class='ocrx_word' id='word_1_61' title='bbox 1453 1290 1562 1373; x_wconf 87' lang='lat' dir='ltr'><strong>legem.</strong></span> <span class='ocrx_word' id='word_1_62' title='bbox 1630 1319 1635 1330; x_wconf 91' lang='lat'><strong>·</strong></span> 
     </span>
    </p>
   </div>
   <div class='ocr_carea' id='block_1_6' title="bbox 379 1420 901 1504">
    <p class='ocr_par' dir='ltr' id='par_1_6' title="bbox 379 1420 901 1504">
     <span class='ocr_line' id='line_1_9' title="bbox 379 1420 901 1504; baseline -0.004 -18"><span class='ocrx_word' id='word_1_63' title='bbox 379 1420 408 1486; x_wconf 78' lang='grc'><strong>1.</strong></span> <span class='ocrx_word' id='word_1_64' title='bbox 431 1422 456 1486; x_wconf 97' lang='grc'><strong>1.</strong></span> <span class='ocrx_word' id='word_1_65' title='bbox 471 1421 515 1486; x_wconf 79' lang='lat'><strong>38</strong></span> <span class='ocrx_word' id='word_1_66' title='bbox 538 1421 618 1503; x_wconf 75' lang='lat' dir='ltr'><strong>big.</strong></span> <span class='ocrx_word' id='word_1_67' title='bbox 642 1421 685 1488; x_wconf 84' lang='lat' dir='ltr'><strong>de</strong></span> <span class='ocrx_word' id='word_1_68' title='bbox 706 1422 814 1504; x_wconf 82' lang='lat' dir='ltr'><strong>legib.</strong></span> <span class='ocrx_word' id='word_1_69' title='bbox 830 1420 858 1502; x_wconf 91' lang='lat' dir='ltr'><strong>l,</strong></span> <span class='ocrx_word' id='word_1_70' title='bbox 870 1425 901 1487; x_wconf 86' lang='lat'><strong>3.</strong></span> 
     </span>
    </p>
   </div>
   <div class='ocr_carea' id='block_1_7' title="bbox 361 1539 1563 1937">
    <p class='ocr_par' dir='ltr' id='par_1_7' title="bbox 361 1539 1563 1732">
     <span class='ocr_line' id='line_1_10' title="bbox 445 1539 1563 1630; baseline 0.005 -26"><span class='ocrx_word' id='word_1_71' title='bbox 445 1579 447 1584; x_wconf 93' lang='lat'>·</span> <span class='ocrx_word' id='word_1_72' title='bbox 477 1540 676 1605; x_wconf 79' lang='lat' dir='ltr'><strong>Callistratus</strong></span> <span class='ocrx_word' id='word_1_73' title='bbox 690 1539 767 1605; x_wconf 84' lang='lat' dir='ltr'><strong>libro</strong></span> <span class='ocrx_word' id='word_1_74' title='bbox 780 1542 803 1605; x_wconf 96' lang='lat' dir='ltr'><em>I</em></span> <span class='ocrx_word' id='word_1_75' title='bbox 808 1543 1022 1626; x_wconf 79' lang='lat' dir='ltr'><strong>quaestionum</strong></span> <span class='ocrx_word' id='word_1_76' title='bbox 1045 1543 1126 1609; x_wconf 86' lang='lat' dir='ltr'><strong>Nem</strong></span> <span class='ocrx_word' id='word_1_77' title='bbox 1138 1545 1307 1630; x_wconf 87' lang='lat' dir='ltr'><strong>imperator</strong></span> <span class='ocrx_word' id='word_1_78' title='bbox 1318 1547 1563 1622; x_wconf 86' lang='lat' dir='ltr'><strong>nosterSeverus</strong></span> 
     </span>
     <span class='ocr_line' id='line_1_11' title="bbox 361 1644 1562 1732; baseline 0.003 -24"><span class='ocrx_word' id='word_1_79' title='bbox 361 1661 364 1666; x_wconf 84' lang='lat'>&#39;</span> <span class='ocrx_word' id='word_1_80' title='bbox 403 1711 409 1722; x_wconf 16' lang='lat'><strong>‚1</strong></span> <span class='ocrx_word' id='word_1_81' title='bbox 432 1646 590 1730; x_wconf 78' lang='lat' dir='ltr'>rescripsit</span> <span class='ocrx_word' id='word_1_82' title='bbox 608 1645 642 1709; x_wconf 92' lang='lat' dir='ltr'><strong>iu</strong></span> <span class='ocrx_word' id='word_1_83' title='bbox 663 1644 920 1727; x_wconf 79' lang='lat' dir='ltr'><strong>ambiguitatibus</strong></span> <span class='ocrx_word' id='word_1_84' title='bbox 941 1667 1020 1730; x_wconf 88' lang='lat' dir='ltr'><strong>quae</strong></span> <span class='ocrx_word' id='word_1_85' title='bbox 1041 1669 1078 1711; x_wconf 88' lang='lat' dir='ltr'><strong>ex</strong></span> <span class='ocrx_word' id='word_1_86' title='bbox 1098 1647 1218 1732; x_wconf 83' lang='lat' dir='ltr'><strong>legibus</strong></span> <span class='ocrx_word' id='word_1_87' title='bbox 1235 1647 1473 1732; x_wconf 78' lang='lat' dir='ltr'><strong>proficiscuntur</strong></span> <span class='ocrx_word' id='word_1_88' title='bbox 1488 1671 1562 1712; x_wconf 87' lang='lat' dir='ltr'><strong>eou-</strong></span> 
     </span>
    </p>

    <p class='ocr_par' dir='ltr' id='par_1_8' title="bbox 431 1748 1561 1832">
     <span class='ocr_line' id='line_1_12' title="bbox 431 1748 1561 1832; baseline 0.003 -20"><span class='ocrx_word' id='word_1_89' title='bbox 431 1748 628 1814; x_wconf 76' lang='lat' dir='ltr'><strong>suetudinem</strong></span> <span class='ocrx_word' id='word_1_90' title='bbox 652 1756 707 1812; x_wconf 87' lang='lat' dir='ltr'><strong>aut</strong></span> <span class='ocrx_word' id='word_1_91' title='bbox 729 1749 1003 1832; x_wconf 59' lang='lat' dir='ltr'><strong>rerum&#39;perpetua</strong></span> <span class='ocrx_word' id='word_1_92' title='bbox 1030 1750 1175 1816; x_wconf 89' lang='lat' dir='ltr'><strong>similiter</strong></span> <span class='ocrx_word' id='word_1_93' title='bbox 1198 1752 1405 1816; x_wconf 84' lang='lat' dir='ltr'><strong>iudicatarum</strong></span> <span class='ocrx_word' id='word_1_94' title='bbox 1427 1752 1561 1817; x_wconf 86' lang='lat' dir='ltr'><strong>auetori-</strong></span> 
     </span>
    </p>

    <p class='ocr_par' dir='ltr' id='par_1_9' title="bbox 431 1841 1463 1937">
     <span class='ocr_line' id='line_1_13' title="bbox 431 1849 1463 1937; baseline 0.005 -22"><span class='ocrx_word' id='word_1_95' title='bbox 431 1859 529 1916; x_wconf 88' lang='lat' dir='ltr'><strong>tatem</strong></span> <span class='ocrx_word' id='word_1_96' title='bbox 550 1852 614 1916; x_wconf 88' lang='lat' dir='ltr'><strong>vim</strong></span> <span class='ocrx_word' id='word_1_97' title='bbox 637 1852 714 1935; x_wconf 84' lang='lat' dir='ltr'><strong>legis</strong></span> <span class='ocrx_word' id='word_1_98' title='bbox 738 1852 878 1937; x_wconf 77' lang='lat' dir='ltr'><strong>optinere</strong></span> <span class='ocrx_word' id='word_1_99' title='bbox 901 1853 1021 1932; x_wconf 88' lang='lat' dir='ltr'><strong>debere.</strong></span> <span class='ocrx_word' id='word_1_100' title='bbox 1461 1849 1463 1854; x_wconf 71' lang='grc'><strong>’</strong></span> 
     </span>
    </p>
   </div>
   <div class='ocr_carea' id='block_1_8' title="bbox 375 1981 1019 2088">
    <p class='ocr_par' dir='ltr' id='par_1_10' title="bbox 375 1981 1019 2088">
     <span class='ocr_line' id='line_1_14' title="bbox 375 1981 1019 2088; baseline -0.002 -40"><span class='ocrx_word' id='word_1_101' title='bbox 375 1983 408 2048; x_wconf 86' lang='grc'><strong>8.</strong></span> <span class='ocrx_word' id='word_1_102' title='bbox 431 1981 493 2048; x_wconf 85' lang='lat'><strong>1.4</strong></span> <span class='ocrx_word' id='word_1_103' title='bbox 514 1982 596 2064; x_wconf 76' lang='lat' dir='ltr'><strong>Ing.</strong></span> <span class='ocrx_word' id='word_1_104' title='bbox 618 1982 796 2088; x_wconf 49' lang='lat' dir='ltr'><strong>desnensis</strong></span> <span class='ocrx_word' id='word_1_105' title='bbox 818 1983 931 2066; x_wconf 88' lang='lat' dir='ltr'><strong>priua.</strong></span> <span class='ocrx_word' id='word_1_106' title='bbox 946 1983 975 2066; x_wconf 83' lang='lat'><strong>1,</strong></span> <span class='ocrx_word' id='word_1_107' title='bbox 986 1982 1019 2048; x_wconf 78' lang='lat'><strong>4.</strong></span> 
     </span>
    </p>
   </div>
   <div class='ocr_carea' id='block_1_9' title="bbox 352 2098 1691 2190">
    <p class='ocr_par' dir='ltr' id='par_1_11' title="bbox 352 2098 1691 2190">
     <span class='ocr_line' id='line_1_15' title="bbox 352 2098 1691 2190; baseline 0.002 -25"><span class='ocrx_word' id='word_1_108' title='bbox 352 2098 354 2105; x_wconf 72' lang='grc'><em>’</em></span> <span class='ocrx_word' id='word_1_109' title='bbox 455 2102 660 2187; x_wconf 19' lang='lat' dir='ltr'><strong>..Modestinus</strong></span> <span class='ocrx_word' id='word_1_110' title='bbox 693 2103 770 2167; x_wconf 83' lang='lat' dir='ltr'><strong>libre</strong></span> <span class='ocrx_word' id='word_1_111' title='bbox 802 2106 930 2168; x_wconf 80' lang='lat' dir='ltr'><strong>seeundo</strong></span> <span class='ocrx_word' id='word_1_112' title='bbox 966 2107 1196 2168; x_wconf 83' lang='lat' dir='ltr'><strong>eucusationnna</strong></span> <span class='ocrx_word' id='word_1_113' title='bbox 1254 2106 1293 2169; x_wconf 78' lang='grc' dir='ltr'><strong>Αἱ</strong></span> <span class='ocrx_word' id='word_1_114' title='bbox 1324 2105 1563 2190; x_wconf 81' lang='grc' dir='ltr'>μεταγενέστεραι</span> <span class='ocrx_word' id='word_1_115' title='bbox 1690 2175 1691 2184; x_wconf 17' lang='lat'>¹</span> 
     </span>
    </p>
   </div>
   <div class='ocr_carea' id='block_1_10' title="bbox 269 2185 1561 3113">
    <p class='ocr_par' dir='ltr' id='par_1_12' title="bbox 269 2185 1561 3113">
     <span class='ocr_line' id='line_1_16' title="bbox 429 2185 1160 2292; baseline -0.003 -21"><span class='ocrx_word' id='word_1_116' title='bbox 429 2185 570 2276; x_wconf 68' lang='grc' dir='ltr'>διαεάξεις</span> <span class='ocrx_word' id='word_1_117' title='bbox 594 2205 777 2291; x_wconf 81' lang='grc' dir='ltr'>ἰσχυρότεραι</span> <span class='ocrx_word' id='word_1_118' title='bbox 799 2213 857 2270; x_wconf 85' lang='grc' dir='ltr'><strong>τῶν</strong></span> <span class='ocrx_word' id='word_1_119' title='bbox 881 2209 936 2292; x_wconf 80' lang='grc' dir='ltr'><strong>πρὸ</strong></span> <span class='ocrx_word' id='word_1_120' title='bbox 961 2207 1056 2272; x_wconf 81' lang='grc' dir='ltr'>αὐτῶν</span> <span class='ocrx_word' id='word_1_121' title='bbox 1079 2208 1160 2271; x_wconf 83' lang='grc' dir='ltr'><strong>εἰσίν.</strong></span> 
     </span>
     <span class='ocr_line' id='line_1_17' title="bbox 372 2323 878 2426; baseline 0.004 -24"><span class='ocrx_word' id='word_1_122' title='bbox 372 2339 406 2404; x_wconf 82' lang='grc'><strong>9.</strong></span> <span class='ocrx_word' id='word_1_123' title='bbox 429 2339 454 2403; x_wconf 94' lang='grc'><strong>1.</strong></span> <span class='ocrx_word' id='word_1_124' title='bbox 470 2336 592 2419; x_wconf 72' lang='lat' dir='ltr'><strong>illig.</strong></span> <span class='ocrx_word' id='word_1_125' title='bbox 616 2323 659 2404; x_wconf 86' lang='lat' dir='ltr'><strong>de</strong></span> <span class='ocrx_word' id='word_1_126' title='bbox 681 2339 788 2426; x_wconf 82' lang='lat' dir='ltr'><strong>legib.</strong></span> <span class='ocrx_word' id='word_1_127' title='bbox 804 2338 833 2420; x_wconf 85' lang='lat' dir='ltr'><strong>l,</strong></span> <span class='ocrx_word' id='word_1_128' title='bbox 846 2337 878 2404; x_wconf 78' lang='lat'><strong>3.</strong></span> 
     </span>
     <span class='ocr_line' id='line_1_18' title="bbox 472 2451 1561 2558; baseline 0.002 -36"><span class='ocrx_word' id='word_1_129' title='bbox 472 2459 659 2522; x_wconf 79' lang='lat' dir='ltr'><strong>Modestinus</strong></span> <span class='ocrx_word' id='word_1_130' title='bbox 681 2459 757 2558; x_wconf 84' lang='lat' dir='ltr'><strong>libro</strong></span> <span class='ocrx_word' id='word_1_131' title='bbox 774 2459 797 2523; x_wconf 95' lang='grc' dir='ltr'><em>Ι</em></span> <span class='ocrx_word' id='word_1_132' title='bbox 811 2460 992 2544; x_wconf 71' lang='lat' dir='ltr'><strong>rapidorum</strong></span> <span class='ocrx_word' id='word_1_133' title='bbox 1034 2460 1122 2543; x_wconf 85' lang='lat' dir='ltr'><strong>Legis</strong></span> <span class='ocrx_word' id='word_1_134' title='bbox 1137 2461 1238 2526; x_wconf 89' lang='lat' dir='ltr'><strong>virtus</strong></span> <span class='ocrx_word' id='word_1_135' title='bbox 1253 2460 1329 2526; x_wconf 86' lang='lat' dir='ltr'><strong>haee</strong></span> <span class='ocrx_word' id='word_1_136' title='bbox 1345 2469 1391 2525; x_wconf 92' lang='lat' dir='ltr'><strong>est</strong></span> <span class='ocrx_word' id='word_1_137' title='bbox 1406 2451 1561 2546; x_wconf 88' lang='lat' dir='ltr'><strong>imperare</strong></span> 
     </span>
     <span class='ocr_line' id='line_1_19' title="bbox 428 2562 879 2647; baseline 0 -20"><span class='ocrx_word' id='word_1_138' title='bbox 428 2568 534 2627; x_wconf 88' lang='lat' dir='ltr'><strong>vetare</strong></span> <span class='ocrx_word' id='word_1_139' title='bbox 556 2562 737 2646; x_wconf 82' lang='lat' dir='ltr'><strong>permittere</strong></span> <span class='ocrx_word' id='word_1_140' title='bbox 759 2562 879 2647; x_wconf 81' lang='lat' dir='ltr'><strong>punire.</strong></span> 
     </span>
     <span class='ocr_line' id='line_1_20' title="bbox 269 2669 1014 2807; baseline 0.003 -41"><span class='ocrx_word' id='word_1_141' title='bbox 269 2669 271 2674; x_wconf 32' lang='lat'>⁸</span> <span class='ocrx_word' id='word_1_142' title='bbox 352 2701 406 2807; x_wconf 80' lang='lat' dir='ltr'><strong>ra</strong></span> <span class='ocrx_word' id='word_1_143' title='bbox 428 2702 453 2768; x_wconf 88' lang='lat'><strong>1.</strong></span> <span class='ocrx_word' id='word_1_144' title='bbox 469 2700 683 2787; x_wconf 54' lang='lat' dir='ltr'><strong>sabinae</strong></span> <span class='ocrx_word' id='word_1_145' title='bbox 706 2702 814 2784; x_wconf 77' lang='lat' dir='ltr'><strong>regu.</strong></span> <span class='ocrx_word' id='word_1_146' title='bbox 830 2701 904 2806; x_wconf 66' lang='lat' dir='ltr'><strong>rs.</strong></span> <span class='ocrx_word' id='word_1_147' title='bbox 1013 2779 1014 2782; x_wconf 4' lang='grc' dir='ltr'><strong><em>Ν</em></strong></span> 
     </span>
     <span class='ocr_line' id='line_1_21' title="bbox 334 2820 1558 2908; baseline 0 -22"><span class='ocrx_word' id='word_1_148' title='bbox 334 2902 336 2907; x_wconf 28' lang='grc'><strong>,</strong></span> <span class='ocrx_word' id='word_1_149' title='bbox 456 2820 591 2886; x_wconf 85' lang='lat' dir='ltr'><strong>Paulus</strong></span> <span class='ocrx_word' id='word_1_150' title='bbox 612 2821 688 2886; x_wconf 82' lang='lat' dir='ltr'><strong>libro</strong></span> <span class='ocrx_word' id='word_1_151' title='bbox 706 2823 864 2905; x_wconf 76' lang='lat' dir='ltr'><strong>sinpuiari</strong></span> <span class='ocrx_word' id='word_1_152' title='bbox 877 2825 920 2886; x_wconf 89' lang='lat' dir='ltr'><strong>ad</strong></span> <span class='ocrx_word' id='word_1_153' title='bbox 934 2825 1027 2908; x_wconf 69' lang='lat' dir='ltr'><strong>leaena</strong></span> <span class='ocrx_word' id='word_1_154' title='bbox 1044 2822 1184 2887; x_wconf 82' lang='lat' dir='ltr'><strong>Cinniana</strong></span> <span class='ocrx_word' id='word_1_155' title='bbox 1228 2823 1342 2890; x_wconf 82' lang='lat' dir='ltr'><strong>Contra</strong></span> <span class='ocrx_word' id='word_1_156' title='bbox 1357 2824 1456 2907; x_wconf 85' lang='lat' dir='ltr'><strong>legem</strong></span> <span class='ocrx_word' id='word_1_157' title='bbox 1472 2823 1558 2903; x_wconf 84' lang='lat' dir='ltr'><strong>iacit,</strong></span> 
     </span>
     <span class='ocr_line' id='line_1_22' title="bbox 428 2917 1559 3012; baseline 0 -24"><span class='ocrx_word' id='word_1_158' title='bbox 428 2925 481 3009; x_wconf 88' lang='lat' dir='ltr'><strong>qui</strong></span> <span class='ocrx_word' id='word_1_159' title='bbox 508 2926 540 2990; x_wconf 93' lang='lat' dir='ltr'><strong>id</strong></span> <span class='ocrx_word' id='word_1_160' title='bbox 568 2928 642 2991; x_wconf 83' lang='lat' dir='ltr'><strong>fauit</strong></span> <span class='ocrx_word' id='word_1_161' title='bbox 670 2927 752 3012; x_wconf 92' lang='lat' dir='ltr'><strong>quod</strong></span> <span class='ocrx_word' id='word_1_162' title='bbox 779 2928 833 2990; x_wconf 66' lang='lat' dir='ltr'><strong>lex·</strong></span> <span class='ocrx_word' id='word_1_163' title='bbox 856 2927 1010 3010; x_wconf 84' lang='lat' dir='ltr'><strong>prohibet,</strong></span> <span class='ocrx_word' id='word_1_164' title='bbox 1041 2927 1073 2991; x_wconf 94' lang='lat' dir='ltr'><strong>in</strong></span> <span class='ocrx_word' id='word_1_165' title='bbox 1102 2927 1245 2991; x_wconf 91' lang='lat' dir='ltr'><strong>fraudem</strong></span> <span class='ocrx_word' id='word_1_166' title='bbox 1272 2948 1355 3008; x_wconf 74' lang='lat' dir='ltr'><strong>vero,</strong></span> <span class='ocrx_word' id='word_1_167' title='bbox 1378 2917 1436 3011; x_wconf 54' lang='lat' dir='ltr'><strong>&#39;qui</strong></span> <span class='ocrx_word' id='word_1_168' title='bbox 1463 2925 1559 2990; x_wconf 89' lang='lat' dir='ltr'><strong>salvis</strong></span> 
     </span>
     <span class='ocr_line' id='line_1_23' title="bbox 427 3029 1209 3113; baseline -0.003 -21"><span class='ocrx_word' id='word_1_169' title='bbox 427 3029 530 3094; x_wconf 88' lang='lat' dir='ltr'><strong>verbis</strong></span> <span class='ocrx_word' id='word_1_170' title='bbox 552 3031 628 3113; x_wconf 84' lang='lat' dir='ltr'><strong>legis</strong></span> <span class='ocrx_word' id='word_1_171' title='bbox 651 3030 838 3095; x_wconf 90' lang='lat' dir='ltr'><strong>sententiam</strong></span> <span class='ocrx_word' id='word_1_172' title='bbox 862 3029 928 3094; x_wconf 91' lang='lat' dir='ltr'><strong>eius</strong></span> <span class='ocrx_word' id='word_1_173' title='bbox 951 3029 1165 3093; x_wconf 81' lang='lat' dir='ltr'><strong>circumvenit.</strong></span> <span class='ocrx_word' id='word_1_174' title='bbox 1206 3083 1209 3090; x_wconf 87' lang='lat'><strong>.</strong></span> 
     </span>
    </p>
   </div>
   <div class='ocr_carea' id='block_1_11' title="bbox 332 3147 925 3245">
    <p class='ocr_par' dir='ltr' id='par_1_13' title="bbox 332 3147 925 3245">
     <span class='ocr_line' id='line_1_24' title="bbox 332 3147 925 3245; baseline -0.003 -20"><span class='ocrx_word' id='word_1_175' title='bbox 332 3147 334 3152; x_wconf 64' lang='grc'><strong>’</strong></span> <span class='ocrx_word' id='word_1_176' title='bbox 361 3161 404 3226; x_wconf 94' lang='grc'><strong>11.</strong></span> <span class='ocrx_word' id='word_1_177' title='bbox 426 3163 450 3228; x_wconf 94' lang='grc'><strong>1.</strong></span> <span class='ocrx_word' id='word_1_178' title='bbox 467 3161 511 3226; x_wconf 79' lang='lat'><strong>38</strong></span> <span class='ocrx_word' id='word_1_179' title='bbox 533 3160 614 3243; x_wconf 77' lang='lat' dir='ltr'><strong>Ing.</strong></span> <span class='ocrx_word' id='word_1_180' title='bbox 637 3161 688 3227; x_wconf 85' lang='lat' dir='ltr'><strong>de</strong></span> <span class='ocrx_word' id='word_1_181' title='bbox 702 3160 816 3245; x_wconf 82' lang='lat' dir='ltr'><strong>puetis</strong></span> <span class='ocrx_word' id='word_1_182' title='bbox 831 3160 864 3242; x_wconf 77' lang='lat'><strong>2,</strong></span> <span class='ocrx_word' id='word_1_183' title='bbox 876 3158 925 3224; x_wconf 81' lang='lat'><strong>14.</strong></span> 
     </span>
    </p>
   </div>
   <div class='ocr_carea' id='block_1_12' title="bbox 425 3278 1556 3470">
    <p class='ocr_par' dir='ltr' id='par_1_14' title="bbox 425 3278 1556 3470">
     <span class='ocr_line' id='line_1_25' title="bbox 468 3278 1556 3366; baseline -0.003 -23"><span class='ocrx_word' id='word_1_184' title='bbox 468 3281 667 3366; x_wconf 78' lang='lat' dir='ltr'><strong>Papinianus</strong></span> <span class='ocrx_word' id='word_1_185' title='bbox 690 3281 766 3345; x_wconf 79' lang='lat' dir='ltr'><strong>libro</strong></span> <span class='ocrx_word' id='word_1_186' title='bbox 788 3281 917 3344; x_wconf 85' lang='lat' dir='ltr'><strong>seeundo</strong></span> <span class='ocrx_word' id='word_1_187' title='bbox 940 3280 1155 3364; x_wconf 80' lang='lat' dir='ltr'><strong>quaestionum</strong></span> <span class='ocrx_word' id='word_1_188' title='bbox 1198 3279 1251 3342; x_wconf 87' lang='lat' dir='ltr'><strong>lus</strong></span> <span class='ocrx_word' id='word_1_189' title='bbox 1270 3278 1439 3363; x_wconf 84' lang='lat' dir='ltr'><strong>publicum</strong></span> <span class='ocrx_word' id='word_1_190' title='bbox 1451 3279 1556 3363; x_wconf 87' lang='lat' dir='ltr'><strong>priva-</strong></span> 
     </span>
     <span class='ocr_line' id='line_1_26' title="bbox 425 3377 1197 3470; baseline -0.005 -21"><span class='ocrx_word' id='word_1_191' title='bbox 425 3394 529 3452; x_wconf 89' lang='lat' dir='ltr'><strong>torum</strong></span> <span class='ocrx_word' id='word_1_192' title='bbox 551 3386 650 3470; x_wconf 84' lang='lat' dir='ltr'><strong>pactis</strong></span> <span class='ocrx_word' id='word_1_193' title='bbox 673 3384 788 3449; x_wconf 90' lang='lat' dir='ltr'><strong>mutari</strong></span> <span class='ocrx_word' id='word_1_194' title='bbox 811 3406 872 3448; x_wconf 91' lang='lat' dir='ltr'><strong>non</strong></span> <span class='ocrx_word' id='word_1_195' title='bbox 896 3390 1007 3469; x_wconf 86' lang='lat' dir='ltr'><strong>potest.</strong></span> <span class='ocrx_word' id='word_1_196' title='bbox 1193 3377 1197 3385; x_wconf 79' lang='grc'><strong>’</strong></span> 
     </span>
    </p>
   </div>
   <div class='ocr_carea' id='block_1_13' title="bbox 353 3507 1554 3730">
    <p class='ocr_par' dir='ltr' id='par_1_15' title="bbox 353 3507 1554 3730">
     <span class='ocr_line' id='line_1_27' title="bbox 353 3507 989 3626; baseline -0.005 -35"><span class='ocrx_word' id='word_1_197' title='bbox 353 3525 402 3591; x_wconf 77' lang='grc'><strong>12.</strong></span> <span class='ocrx_word' id='word_1_198' title='bbox 424 3527 449 3592; x_wconf 89' lang='lat' dir='ltr'><strong>l.</strong></span> <span class='ocrx_word' id='word_1_199' title='bbox 464 3525 505 3590; x_wconf 85' lang='grc'><strong>16</strong></span> <span class='ocrx_word' id='word_1_200' title='bbox 528 3525 609 3619; x_wconf 64' lang='lat' dir='ltr'><strong>big,</strong></span> <span class='ocrx_word' id='word_1_201' title='bbox 632 3525 675 3591; x_wconf 85' lang='lat' dir='ltr'><strong>de</strong></span> <span class='ocrx_word' id='word_1_202' title='bbox 697 3525 805 3626; x_wconf 82' lang='lat' dir='ltr'><strong>legib.</strong></span> <span class='ocrx_word' id='word_1_203' title='bbox 821 3524 849 3604; x_wconf 92' lang='grc'><strong>1,</strong></span> <span class='ocrx_word' id='word_1_204' title='bbox 862 3524 895 3589; x_wconf 84' lang='grc'><strong>3.</strong></span> <span class='ocrx_word' id='word_1_205' title='bbox 987 3507 989 3512; x_wconf 40' lang='grc'>’</span> 
     </span>
     <span class='ocr_line' id='line_1_28' title="bbox 444 3643 1554 3730; baseline -0.005 -21"><span class='ocrx_word' id='word_1_206' title='bbox 444 3646 589 3710; x_wconf 63' lang='lat' dir='ltr'><strong>Paulus</strong></span> <span class='ocrx_word' id='word_1_207' title='bbox 615 3646 692 3709; x_wconf 75' lang='lat' dir='ltr'><strong>libro</strong></span> <span class='ocrx_word' id='word_1_208' title='bbox 717 3647 873 3730; x_wconf 74' lang='lat' dir='ltr'><strong>sinpuiani</strong></span> <span class='ocrx_word' id='word_1_209' title='bbox 898 3646 934 3708; x_wconf 83' lang='lat' dir='ltr'><strong>do</strong></span> <span class='ocrx_word' id='word_1_210' title='bbox 955 3649 1024 3708; x_wconf 81' lang='lat' dir='ltr'><strong>iure</strong></span> <span class='ocrx_word' id='word_1_211' title='bbox 1044 3644 1202 3728; x_wconf 70' lang='lat' dir='ltr'><strong>sinpulari</strong></span> <span class='ocrx_word' id='word_1_212' title='bbox 1244 3645 1296 3707; x_wconf 93' lang='lat' dir='ltr'><strong>lus</strong></span> <span class='ocrx_word' id='word_1_213' title='bbox 1319 3643 1474 3725; x_wconf 86' lang='lat' dir='ltr'><strong>singulare</strong></span> <span class='ocrx_word' id='word_1_214' title='bbox 1498 3648 1554 3723; x_wconf 85' lang='lat' dir='ltr'><strong>est,</strong></span> 
     </span>
    </p>
   </div>
   <div class='ocr_carea' id='block_1_14' title="bbox 423 3745 1556 3935">
    <p class='ocr_par' dir='ltr' id='par_1_16' title="bbox 423 3745 1556 3935">
     <span class='ocr_line' id='line_1_29' title="bbox 424 3745 1556 3835; baseline -0.006 -21"><span class='ocrx_word' id='word_1_215' title='bbox 424 3750 506 3833; x_wconf 91' lang='lat' dir='ltr'><strong>quod</strong></span> <span class='ocrx_word' id='word_1_216' title='bbox 521 3758 630 3816; x_wconf 89' lang='lat' dir='ltr'><strong>eontra</strong></span> <span class='ocrx_word' id='word_1_217' title='bbox 645 3757 783 3814; x_wconf 89' lang='lat' dir='ltr'><strong>tenorem</strong></span> <span class='ocrx_word' id='word_1_218' title='bbox 800 3750 929 3815; x_wconf 84' lang='lat' dir='ltr'><strong>rationis</strong></span> <span class='ocrx_word' id='word_1_219' title='bbox 945 3757 1071 3835; x_wconf 91' lang='lat' dir='ltr'><strong>propter</strong></span> <span class='ocrx_word' id='word_1_220' title='bbox 1086 3748 1224 3832; x_wconf 89' lang='lat' dir='ltr'><strong>aliquam</strong></span> <span class='ocrx_word' id='word_1_221' title='bbox 1235 3747 1406 3811; x_wconf 89' lang='lat' dir='ltr'><strong>utilitatem</strong></span> <span class='ocrx_word' id='word_1_222' title='bbox 1419 3745 1556 3810; x_wconf 87' lang='lat' dir='ltr'><strong>auotori-</strong></span> 
     </span>
     <span class='ocr_line' id='line_1_30' title="bbox 423 3852 1079 3935; baseline -0.003 -18"><span class='ocrx_word' id='word_1_223' title='bbox 423 3861 488 3917; x_wconf 86' lang='lat' dir='ltr'><strong>tate</strong></span> <span class='ocrx_word' id='word_1_224' title='bbox 511 3853 766 3917; x_wconf 81' lang='lat' dir='ltr'><strong>constituentium</strong></span> <span class='ocrx_word' id='word_1_225' title='bbox 788 3852 1002 3935; x_wconf 79' lang='lat' dir='ltr'><strong>introductum</strong></span> <span class='ocrx_word' id='word_1_226' title='bbox 1025 3859 1079 3916; x_wconf 87' lang='lat' dir='ltr'><strong>est.</strong></span> 
     </span>
    </p>
   </div>
   <div class='ocr_carea' id='block_1_15' title="bbox 350 3971 1552 4296">
    <p class='ocr_par' dir='ltr' id='par_1_17' title="bbox 350 3971 1552 4296">
     <span class='ocr_line' id='line_1_31' title="bbox 350 3971 982 4092; baseline -0.005 -44"><span class='ocrx_word' id='word_1_227' title='bbox 350 3971 503 4050; x_wconf 66' lang='lat' dir='ltr'><strong>13.&#39;l.‘14</strong></span> <span class='ocrx_word' id='word_1_228' title='bbox 525 3977 604 4065; x_wconf 80' lang='lat' dir='ltr'><strong>llig.</strong></span> <span class='ocrx_word' id='word_1_229' title='bbox 626 3983 670 4050; x_wconf 82' lang='lat' dir='ltr'><strong>de</strong></span> <span class='ocrx_word' id='word_1_230' title='bbox 692 3983 801 4065; x_wconf 81' lang='lat' dir='ltr'><strong>legib.</strong></span> <span class='ocrx_word' id='word_1_231' title='bbox 817 3981 846 4064; x_wconf 90' lang='lat' dir='ltr'><strong>l,</strong></span> <span class='ocrx_word' id='word_1_232' title='bbox 858 3982 888 4046; x_wconf 84' lang='lat'><strong>3.</strong></span> <span class='ocrx_word' id='word_1_233' title='bbox 978 4083 982 4092; x_wconf 35' lang='grc' dir='ltr'>Ι</span> 
     </span>
     <span class='ocr_line' id='line_1_32' title="bbox 419 4099 1552 4178; baseline -0.004 -12"><span class='ocrx_word' id='word_1_234' title='bbox 419 4145 423 4152; x_wconf 83' lang='lat'><strong>·</strong></span> <span class='ocrx_word' id='word_1_235' title='bbox 466 4103 585 4166; x_wconf 86' lang='lat' dir='ltr'><strong>Paulus</strong></span> <span class='ocrx_word' id='word_1_236' title='bbox 608 4103 685 4166; x_wconf 85' lang='lat' dir='ltr'><strong>libro</strong></span> <span class='ocrx_word' id='word_1_237' title='bbox 701 4101 810 4166; x_wconf 87' lang='lat' dir='ltr'><em>LIIII</em></span> <span class='ocrx_word' id='word_1_238' title='bbox 826 4103 868 4166; x_wconf 88' lang='lat' dir='ltr'><strong>ad</strong></span> <span class='ocrx_word' id='word_1_239' title='bbox 888 4103 1016 4164; x_wconf 83' lang='lat' dir='ltr'><strong>edietum</strong></span> <span class='ocrx_word' id='word_1_240' title='bbox 1060 4099 1147 4178; x_wconf 86' lang='lat' dir='ltr'><strong>Quod</strong></span> <span class='ocrx_word' id='word_1_241' title='bbox 1171 4121 1243 4164; x_wconf 87' lang='lat' dir='ltr'><strong>vero</strong></span> <span class='ocrx_word' id='word_1_242' title='bbox 1271 4108 1378 4165; x_wconf 90' lang='lat' dir='ltr'><strong>eontra</strong></span> <span class='ocrx_word' id='word_1_243' title='bbox 1400 4099 1552 4163; x_wconf 87' lang='lat' dir='ltr'><strong>rationem</strong></span> 
     </span>
     <span class='ocr_line' id='line_1_33' title="bbox 364 4202 1503 4296; baseline -0.004 -26"><span class='ocrx_word' id='word_1_244' title='bbox 364 4293 365 4296; x_wconf 8' lang='grc' dir='ltr'><strong>Ἴ</strong></span> <span class='ocrx_word' id='word_1_245' title='bbox 421 4206 498 4271; x_wconf 90' lang='lat' dir='ltr'><strong>iuris</strong></span> <span class='ocrx_word' id='word_1_246' title='bbox 521 4215 678 4292; x_wconf 86' lang='lat' dir='ltr'><strong>receptum</strong></span> <span class='ocrx_word' id='word_1_247' title='bbox 703 4214 757 4287; x_wconf 85' lang='lat' dir='ltr'><strong>est,</strong></span> <span class='ocrx_word' id='word_1_248' title='bbox 783 4227 844 4270; x_wconf 90' lang='lat' dir='ltr'><strong>non</strong></span> <span class='ocrx_word' id='word_1_249' title='bbox 868 4213 920 4284; x_wconf 26' lang='lat' dir='ltr'><strong>est·</strong></span> <span class='ocrx_word' id='word_1_250' title='bbox 936 4203 1173 4289; x_wconf 85' lang='lat' dir='ltr'><strong>producendum</strong></span> <span class='ocrx_word' id='word_1_251' title='bbox 1196 4202 1235 4267; x_wconf 89' lang='lat' dir='ltr'><strong>ad</strong></span> <span class='ocrx_word' id='word_1_252' title='bbox 1259 4203 1503 4286; x_wconf 85' lang='lat' dir='ltr'><strong>consequentias.</strong></span> 
     </span>
    </p>
   </div>
   <div class='ocr_carea' id='block_1_16' title="bbox 345 4320 1007 4430">
    <p class='ocr_par' dir='ltr' id='par_1_18' title="bbox 345 4320 1007 4430">
     <span class='ocr_line' id='line_1_34' title="bbox 345 4320 1007 4430; baseline -0.005 -20"><span class='ocrx_word' id='word_1_253' title='bbox 345 4345 396 4411; x_wconf 78' lang='lat'><strong>14.</strong></span> <span class='ocrx_word' id='word_1_254' title='bbox 420 4365 494 4430; x_wconf 72' lang='lat' dir='ltr'><strong>esp.</strong></span> <span class='ocrx_word' id='word_1_255' title='bbox 509 4345 553 4410; x_wconf 74' lang='lat' dir='ltr'><strong>aa</strong></span> <span class='ocrx_word' id='word_1_256' title='bbox 567 4345 602 4412; x_wconf 85' lang='lat' dir='ltr'><strong>x</strong></span> <span class='ocrx_word' id='word_1_257' title='bbox 625 4345 668 4416; x_wconf 77' lang='lat' dir='ltr'><strong>aa</strong></span> <span class='ocrx_word' id='word_1_258' title='bbox 684 4345 848 4429; x_wconf 77' lang='lat' dir='ltr'><strong>privileg.</strong></span> <span class='ocrx_word' id='word_1_259' title='bbox 865 4342 898 4426; x_wconf 82' lang='lat'><strong>5,</strong></span> <span class='ocrx_word' id='word_1_260' title='bbox 910 4343 964 4408; x_wconf 79' lang='lat' dir='ltr'><strong>aa.</strong></span> <span class='ocrx_word' id='word_1_261' title='bbox 1005 4320 1007 4322; x_wconf 80' lang='grc'><strong>’</strong></span> 
     </span>
    </p>
   </div>
   <div class='ocr_carea' id='block_1_17' title="bbox 464 4462 1554 4550">
    <p class='ocr_par' dir='ltr' id='par_1_19' title="bbox 464 4462 1554 4550">
     <span class='ocr_line' id='line_1_35' title="bbox 464 4462 1554 4550; baseline -0.004 -21"><span class='ocrx_word' id='word_1_262' title='bbox 464 4467 507 4530; x_wconf 89' lang='lat' dir='ltr'><strong>Ut</strong></span> <span class='ocrx_word' id='word_1_263' title='bbox 534 4465 706 4550; x_wconf 83' lang='lat' dir='ltr'><strong>privilegia,</strong></span> <span class='ocrx_word' id='word_1_264' title='bbox 735 4485 814 4547; x_wconf 92' lang='lat' dir='ltr'><strong>quae</strong></span> <span class='ocrx_word' id='word_1_265' title='bbox 841 4463 1028 4549; x_wconf 88' lang='lat' dir='ltr'><strong>quibusdam</strong></span> <span class='ocrx_word' id='word_1_266' title='bbox 1055 4463 1207 4546; x_wconf 82' lang='lat' dir='ltr'><strong>religiosis</strong></span> <span class='ocrx_word' id='word_1_267' title='bbox 1232 4464 1375 4528; x_wconf 87' lang='lat' dir='ltr'><strong>Romana</strong></span> <span class='ocrx_word' id='word_1_268' title='bbox 1402 4462 1554 4528; x_wconf 84' lang='lat' dir='ltr'><strong>concessit</strong></span> 
     </span>
    </p>
   </div>
   <div class='ocr_carea' id='block_1_18' title="bbox 422 4565 1691 4653">
    <p class='ocr_par' dir='ltr' id='par_1_20' title="bbox 422 4565 1691 4653">
     <span class='ocr_line' id='line_1_36' title="bbox 422 4565 1691 4653; baseline -0.004 -19"><span class='ocrx_word' id='word_1_269' title='bbox 422 4569 571 4650; x_wconf 77' lang='lat' dir='ltr'><strong>ecelesia,¹</strong></span> <span class='ocrx_word' id='word_1_270' title='bbox 591 4575 794 4653; x_wconf 87' lang='lat' dir='ltr'><strong>permaneant</strong></span> <span class='ocrx_word' id='word_1_271' title='bbox 817 4565 1185 4650; x_wconf 64' lang='lat' dir='ltr'><strong>inconeussa-quaedam</strong></span> <span class='ocrx_word' id='word_1_272' title='bbox 1209 4566 1244 4630; x_wconf 91' lang='lat' dir='ltr'><strong>iu</strong></span> <span class='ocrx_word' id='word_1_273' title='bbox 1266 4565 1382 4630; x_wconf 89' lang='lat' dir='ltr'><strong>eisdem</strong></span> <span class='ocrx_word' id='word_1_274' title='bbox 1405 4567 1552 4631; x_wconf 84' lang='lat' dir='ltr'><strong>duximus</strong></span> <span class='ocrx_word' id='word_1_275' title='bbox 1587 4599 1592 4609; x_wconf 86' lang='lat'>·</span> <span class='ocrx_word' id='word_1_276' title='bbox 1690 4595 1691 4609; x_wconf 51' lang='lat'>¹</span> 
     </span>
    </p>
   </div>
   <div class='ocr_carea' id='block_1_19' title="bbox 0 0 1726 5412">
    <p class='ocr_par' dir='ltr' id='par_1_21' title="bbox 0 0 1726 5412">
     <span class='ocr_line' id='line_1_37' title="bbox 0 0 1726 5412; baseline 0 4"><span class='ocrx_word' id='word_1_277' title='bbox 0 0 1726 5412; x_wconf 95' lang='lat' dir='ltr'><strong> </strong></span> 
     </span>
    </p>
   </div>
  </div>
 </body>
</html>
