3442 5412
840 401 1055 464 ..74-

445 593 539 658 quam
573 573 744 660 deponere?
779 572 862 655 quod
890 572 935 636 ita
961 593 1070 636 verum
1097 580 1153 654 est,
1187 572 1215 637 si
1241 572 1273 636 id
1304 579 1409 636 aetum
1435 579 1492 652 est,
1518 577 1554 636 ut

444 698 572 761 corpora
594 696 795 742 nummorum
818 675 927 739 eadem
949 674 1165 740 redderentur:
1189 697 1263 739 narn
1278 675 1305 738 si
1320 682 1354 739 ut
1370 673 1555 740 tantundem

444 780 615 844 solveretur
635 777 789 858 convenit,
811 777 968 859 egreditur
983 798 1020 841 ea
1036 798 1084 841 res
1101 777 1235 861 depositi
1250 777 1430 842 notissimos
1446 777 1554 842 termi-

443 903 509 948 nos.
554 883 587 946 in
607 903 669 965 qua
690 880 871 965 quaestione
891 880 919 944 si
934 880 1067 966 depositi
1082 881 1163 944 actio
1179 902 1242 944 non
1257 887 1372 958 teneat,
1394 901 1465 944 cum
1480 901 1555 944 con-

442 985 529 1050 venit
551 984 746 1063 tantundem,
771 1004 833 1047 non
856 983 940 1047 idem
962 982 1060 1064 reddi,
1084 983 1237 1047 rationem
1259 1003 1425 1046 usuramm
1447 981 1555 1047 haberi

444 1110 506 1154 non
529 1089 620 1154 facile
642 1086 809 1152 dicendum
833 1093 888 1151 est.
934 1093 969 1150 et
992 1093 1051 1149 est
1074 1085 1222 1170 quidem
1246 1085 1495 1150 constitutum
1517 1084 1553 1147 in

446 1192 559 1256 bonae
581 1190 674 1256 fidei
695 1189 867 1269 iudiciis,
891 1187 986 1272 quod
1009 1188 1052 1252 ad
1076 1209 1208 1253 usuras
1232 1190 1386 1271 attinet,
1409 1197 1448 1252 ut
1470 1195 1554 1251 tan-

444 1295 597 1359 tundem
625 1293 746 1379 possit
773 1291 942 1356 officium
972 1291 1107 1355 arbitri
1135 1299 1315 1376 quantum
1338 1290 1553 1377 stipulatio:

444 1397 497 1462 sed
525 1404 633 1462 contra
660 1396 774 1460 bonam
801 1395 893 1458 fidem
923 1402 953 1458 et
981 1393 1114 1479 depositi
1141 1404 1286 1458 naturam
1314 1402 1360 1459 est
1385 1415 1493 1458 usuras
1515 1394 1554 1458 ab

444 1522 479 1566 eo
503 1500 678 1565 desiderare
705 1499 855 1584 temporis
882 1505 954 1561 ante
982 1519 1111 1580 moram,
1142 1498 1196 1580 qui
1216 1499 1409 1562 beneficium
1431 1499 1464 1563 in
1487 1519 1554 1562 sus-

445 1603 590 1688 cipienda
616 1603 749 1688 pecunia
775 1602 871 1666 dedit.
916 1601 943 1666 si
965 1608 1072 1664 tamen
1100 1602 1139 1665 ab
1162 1601 1253 1666 initio
1282 1601 1319 1665 de
1343 1602 1443 1667 usuris
1466 1624 1554 1687 prae·

443 1707 563 1771 standis
587 1706 742 1788 convenit,
765 1705 817 1770 lex
841 1711 1017 1769 contractus
1040 1705 1225 1768 servabitur.

337 1841 409 1909 327.
442 1841 526 1908 154
547 1860 602 1923 pr.
625 1842 706 1924 llig.
728 1840 838 1908 locati
860 1839 1024 1907 conducti
1039 1839 1092 1922 19,
1106 1843 1136 1906 2.

487 1962 609 2025 Paulus
642 1961 719 2024 libro
753 1963 862 2046 quinto
894 1981 1109 2042 responsorum
1157 1960 1287 2050 Quaero,
1322 1984 1362 2025 an
1394 1960 1555 2025 fideiussor

446 2065 660 2130 conductionis
681 2065 774 2128 etiam
797 2065 830 2128 in
849 2084 957 2127 usuras
978 2085 1040 2128 non
1055 2064 1215 2129 illatarum
1232 2064 1415 2149 pensionum
1430 2064 1554 2129 nomine

443 2175 588 2232 teneatur
607 2188 663 2230 nec
684 2167 804 2250 prosint
824 2165 852 2229 ei
872 2165 1121 2246 constitutiones,
1146 2167 1260 2250 quibus
1275 2175 1401 2232 cavetur
1417 2187 1478 2249 eoS,
1501 2165 1554 2250 qui

446 2291 500 2354 pro
535 2269 604 2332 aliis
636 2268 800 2353 pecuniam
834 2269 1015 2350 exsolvunt,
1053 2269 1145 2333 sortis
1178 2269 1371 2334 solummodo
1405 2269 1553 2334 damnum

446 2393 610 2455 agnoscere
639 2379 789 2456 oportere.
835 2371 951 2435 Paulus
978 2372 1148 2455 respondit,
1175 2372 1201 2437 si
1227 2373 1260 2436 in
1284 2393 1409 2436 omnem
1431 2393 1554 2435 causam

447 2474 661 2538 conductionis
677 2475 773 2538 etiam
788 2474 948 2540 fideiussor
963 2494 996 2538 se
1011 2474 1170 2557 obligavit,
1187 2496 1259 2538 eum
1275 2495 1397 2559 quoque
1413 2473 1554 2558 exemplo

446 2577 547 2641 coloni
566 2576 686 2641 tardius
701 2577 860 2641 illatarum
878 2598 932 2661 per
948 2598 1066 2640 moram
1084 2577 1185 2642 coloni
1201 2577 1383 2662 pensionum
1400 2584 1555 2661 praestare

446 2679 557 2745 debere
574 2701 697 2746 usuras:
721 2701 854 2744 usurae
877 2679 974 2744 enim
997 2679 1035 2743 in
1059 2679 1174 2744 bonae
1194 2680 1287 2744 fidei
1309 2680 1463 2744 iudiciis
1484 2678 1555 2743 etsi

445 2805 516 2847 non
531 2791 604 2847 tarn
622 2805 664 2848 ex
681 2783 914 2865 obligatione
931 2783 1226 2867 proficiscantur
1241 2805 1347 2867 quam
1365 2805 1408 2848 ex
1425 2782 1553 2846 officio

445 2886 1555 2971 iudicisapplicentur,tamen,curnfideiussorinomnemcausam

445 3010 477 3053 se
505 2989 671 3074 applicuit,
698 3009 834 3072 aequum
860 2988 985 3053 videtur
1013 2989 1117 3072 ipsum
1145 3010 1268 3073 quoque
1291 3011 1455 3073 agnoscere
1479 3009 1554 3053 onus

446 3112 619 3170 usurarum,
636 3115 672 3157 ac
688 3092 714 3156 si
730 3093 775 3156 ita
790 3092 1007 3156 fideiussisset:
1026 3092 1068 3156 ‘in
1085 3101 1238 3176 quantum
1253 3093 1344 3157 illum
1356 3091 1555 3158 condemnari

446 3195 495 3259 ‘ex
520 3195 681 3260 bonafide
704 3196 868 3279 oportebit,
892 3203 1015 3260 tantum
1039 3196 1100 3260 fide
1122 3204 1178 3260 tua
1200 3217 1265 3261 esse
1287 3194 1403 3261 iubesi’
1427 3195 1552 3260 velita:

445 3298 635 3363 ‘indemnem
658 3320 708 3362 me
731 3296 936 3384 praestabisl’

338 3437 415 3503 328.
442 3438 468 3503 l.
483 3436 569 3520 49,1
591 3437 671 3519 lug.
695 3437 738 3504 de
762 3437 830 3504 act.
854 3455 945 3520 ernp.
967 3438 1068 3505 rond.
1084 3439 1178 3522 ls,1.

489 3557 753 3641 Hermopooa'oaao
775 3557 853 3620 libro
867 3559 995 3621 secando
1010 3561 1091 3622 iaris
1106 3561 1311 3644 epitomoram
1344 3557 1451 3637 Pretii,
1473 3565 1554 3622 sorte

408 3672 411 3676 ’
445 3659 519 3724 licet
546 3669 616 3743 post
643 3682 763 3724 moram
788 3661 899 3742 soluta,
931 3682 1042 3725 usurae
1064 3663 1128 3747 peti
1150 3684 1213 3726 non
1235 3670 1375 3747 possunt,
1403 3683 1474 3725 cum
1497 3659 1554 3724 hae

445 3784 506 3826 non
530 3764 648 3827 sintin
672 3764 870 3847 obligatione,
894 3766 947 3830 sed
972 3766 1073 3830 officio
1096 3766 1210 3830 iudicis
1233 3773 1438 3851 praestentur.

338 3915 415 3981 329.
447 3915 586 3999 c(anon)
608 3915 651 3980 lo
674 3915 812 4000 (lausa)
833 3916 874 3981 14
896 3917 1086 4001 qu(aestio)
1108 3918 1141 3983 4.

488 4035 522 4099 Si
544 4035 613 4117 quis
636 4056 763 4099 usuram
786 4037 909 4120 accipit,
932 4037 1076 4123 rapinam
1099 4037 1183 4118 facit,
1208 4038 1273 4103 vita
1294 4059 1357 4102 non
1380 4037 1467 4102 vivit.

338 4170 404 4235 329
412 4181 436 4236 ².
449 4189 523 4252 cap.
539 4168 557 4233 t
572 4169 608 4235 X
630 4170 673 4237 do
696 4171 814 4237 usuris
837 4170 935 4254 5,1s.

488 4291 652 4354 Praeterea
679 4292 873 4376 parochianis
900 4292 963 4356 tuis
989 4313 1098 4356 usuras
1124 4293 1260 4376 recipere
1287 4293 1431 4358 omnibus
1454 4292 1553 4357 modis

446 4392 624 4484 interdicas,
649 4393 723 4476 quia
748 4415 913 4458 usurarum
936 4395 1053 4460 crimen
1069 4395 1232 4479 utriusque
1246 4395 1427 4460 testamenti
1442 4395 1554 4479 pagina

446 4496 627 4562 detestatur.
678 4498 736 4574 Qui
763 4497 790 4561 si
816 4498 945 4562 monitis
973 4498 1084 4563 vestris
1112 4521 1219 4583 parere
1246 4498 1499 4583 contempserint,
1527 4497 1553 4561 si
