3442 5412
661 437 916 518 --41--Ι

264 605 345 670 eius:
370 627 444 670 nam
467 605 597 685 111111,
622 627 684 690 qua
698 607 818 672 ratione
834 606 892 670 hoc
905 607 1034 672 evenit?
1056 609 1119 674 nisi
1135 631 1181 691 ea,
1197 618 1232 674 ut
1248 611 1373 675 interim

262 710 372 772 fierent
393 708 599 794 proprietarii,
624 730 696 774 mox
719 710 904 794 adprehensi
927 711 1088 775 fructuarii
1114 713 1296 793 efficientur,
1319 735 1373 778 11-

264 811 365 897 emplo
393 811 439 875 rei
466 812 524 876 sub
553 813 734 878 condicione
760 813 890 896 legatae,
919 835 998 898 quae
1020 814 1148 879 interim
1171 815 1293 880 heredis
1316 824 1372 895 est,

264 915 417 980 existente
440 923 544 980 autem
569 916 749 980 condicione
773 917 811 980 ad
834 917 1018 999 legatarium
1042 919 1164 982 transit.
1202 940 1311 983 rerum
1328 927 1374 984 est

263 1017 346 1082 enim
381 1018 607 1083 condictionem
642 1027 817 1104 competere
850 1020 1067 1105 proprietario:
1103 1042 1174 1084 cum
1208 1028 1313 1085 autem
1340 1021 1373 1084 iu

263 1121 412 1206 pendenti
435 1128 481 1186 est
504 1121 678 1188 dominium
702 1123 753 1204 (ut
775 1123 842 1207 ipse
864 1123 1005 1188 lulianus
1029 1124 1073 1188 111
1088 1123 1122 1188 in
1137 1125 1203 1188 fetu
1217 1108 1271 1208 qui
1287 1145 1373 1188 sum-

262 1225 401 1288 mittitur
435 1232 465 1288 et
498 1225 532 1288 in
566 1247 600 1289 eo
629 1225 712 1308 quod
740 1246 847 1290 servus
873 1226 1062 1290 fructuarius
1090 1249 1145 1311 per
1171 1227 1370 1293 traditionem

263 1320 382 1412 accepit
404 1327 544 1391 nondum
568 1328 695 1410 quidem
717 1329 816 1412 pretio
840 1329 951 1408 soluto,
975 1329 1029 1393 sed
1052 1336 1157 1394 temen
1174 1312 1264 1394 abeo
1281 1331 1372 1394 satis-

262 1431 368 1512 facto),
393 1430 560 1495 dicendum
583 1437 628 1494 est
651 1431 878 1496 condictionem
901 1432 1036 1516 pendere
1058 1433 1218 1516 magisque
1240 1433 1274 1496 in
1296 1453 1373 1518 peu-

263 1532 350 1597 denti
372 1553 439 1597 esse
462 1532 646 1597 dominium.

169 1693 239 1761 221.
263 1695 288 1761 1.
303 1693 368 1778 4,1
390 1695 471 1777 Dig.
494 1695 537 1763 de
559 1698 634 1762 reb.
659 1695 754 1763 cred.
777 1696 868 1778 12,1.

312 1813 464 1900 Ulpianus
487 1815 564 1879 libro
587 1819 763 1902 trigessimo
786 1827 899 1902 1111111
920 1819 963 1882 ad
978 1815 1131 1882 Sabinu-m
1168 1819 1227 1882 Res
1250 1819 1371 1902 pignori

262 1919 335 1982 data
368 1920 500 2004 pecunia
531 1919 633 1983 soluta
667 1919 788 1984 condici
820 1927 931 2008 potest.
981 1927 1012 1985 11
1045 1922 1163 1985 fructus
1191 1943 1229 1986 11
1256 1922 1372 1986 iniusta

262 2043 356 2086 causa
370 2022 508 2108 percepti
524 2023 809 2088 condiceudisunt:
831 2045 904 2087 nam
921 2031 951 2088 et
967 2023 994 2086 si
1010 2024 1136 2088 colonus
1152 2032 1222 2108 post
1238 2026 1372 2089 lustrum

262 2127 451 2212 completum
473 2127 594 2191 fructus
616 2126 798 2211 perceperit,
822 2127 943 2190 cundici
967 2147 1018 2192 eos
1035 2133 1157 2192 constat
1172 2128 1218 2191 111
1234 2128 1370 2210 demum,

262 2231 288 2294 si
312 2253 375 2294 non
398 2252 436 2294 11
458 2230 620 2294 voluntate
644 2230 762 2293 domini
785 2229 923 2315 percepti
946 2237 1033 2295 sunt:
1057 2252 1133 2294 nam
1156 2231 1182 2294 11
1206 2253 1244 2295 11
1259 2232 1371 2296 volun-

261 2342 335 2414 tate,
359 2332 467 2418 procul
490 2333 584 2397 dubio
608 2341 708 2398 cessat
731 2333 894 2398 condictio.
959 2377 974 2416 μ

162 2498 237 2563 222.
261 2497 325 2566 (lai
347 2497 598 2564 Instituticues
620 2498 671 2563 lv
693 2496 766 2562 148.

305 2619 497 2683 Retinendae
519 2619 723 2704 possessionis
746 2639 840 2682 111111
862 2619 941 2682 solet
960 2618 1162 2683 interdictum
1178 2618 1275 2698 reddi,
1301 2638 1372 2682 curn

262 2723 300 2786 ab
323 2730 455 2806 utraque
477 2731 564 2806 parte
587 2722 626 2785 de
648 2723 837 2807 proprietate
861 2718 991 2786 alicuius
1013 2722 1059 2785 rei
1082 2721 1291 2785 controversia
1314 2732 1370 2803 est,

262 2834 292 2889 11
315 2833 387 2889 ante
410 2825 579 2910 quaeritur,
608 2832 677 2887 uter
701 2845 738 2888 11
760 2819 970 2907 litigatoribus
994 2823 1150 2908 possidere
1174 2831 1205 2887 et
1228 2831 1297 2887 uter·
1318 2845 1371 2909 pe-

260 2937 325 2993 tere
341 2929 465 3008 1111111
495 2928 582 2991 cuius
605 2928 649 2991 rei
672 2929 773 3011 gratia
796 2934 964 3012 conparata
986 2934 1060 2992 sunt
1081 2926 1128 2991 uti
1150 2927 1317 3011 possidetis
1340 2935 1373 2991 et

261 3032 376 3096 utrubi.

162 3196 239 3262 223.
263 3195 389 3262 Festus
413 3213 441 3262 s.
463 3215 495 3263 v.
517 3196 707 3279 possessio.
749 3216 825 3279 pap.
842 3194 905 3260 233
928 3193 972 3256 M.

303 3317 458 3381 Possessio
481 3322 537 3398 est,
561 3323 597 3379 ut
618 3315 727 3379 definit
743 3314 850 3379 Gallus
864 3313 982 3396 Aelius,
1004 3334 1079 3377 usus
1094 3311 1221 3397 quidem
1236 3313 1301 3396 agri
1317 3320 1371 3377 aut

261 3419 403 3501 aedificii,
427 3441 489 3484 non
511 3419 577 3502 ipse
599 3418 715 3482 fundus
737 3426 793 3482 aut
815 3437 983 3500 age1·;non
1006 3417 1090 3480 enim
1112 3416 1265 3501 possessio
1289 3424 1371 3480 este

261 3524 365 3604 rebus,
395 3543 475 3607 quae
501 3522 587 3602 tangi
616 3521 736 3605 possint
766 3541 872 3604 neque,
905 3519 959 3602 qui
986 3518 1063 3583 dicit
1089 3539 1122 3583 se
1149 3518 1315 3602 possidere,
1343 3520 1370 3583 is

258 3646 434 3688 1111111111
456 3645 527 3689 vere
549 3630 652 3708 potest
674 3623 785 3687 dicere.
826 3623 934 3705 ltaque
959 3621 994 3685 in
1020 3620 1168 3704 legitimis
1192 3621 1371 3686 'actionibus

260 3750 351 3793 nemo
375 3750 413 3792 11
435 3727 502 3791 iure
518 3726 686 3804 Quiritium
709 3724 937 3811 possessionem
957 3745 1048 3788 suem
1062 3744 1174 3789 vocare
1189 3723 1292 3806 audet,
1316 3725 1372 3788 sed

261 3833 300 3895 ad
322 3830 525 3900 interdictum
547 3829 644 3908 venit,
669 3837 704 3892 ut
726 3835 849 3914 praetor·
871 3827 920 3891 his
942 3828 1046 3891 verbis
1069 3833 1189 3891 utatur:
1208 3826 1265 3888 ‘uti
1287 3848 1371 3890 nunc

260 3935 422 4020 possidetis
445 3955 517 3998 eum
539 3934 681 4014 fundum,
706 3953 765 4017 quo
789 3931 827 3995 de
850 3931 961 4014 agitur,
986 3929 1068 4013 quod
1091 3950 1148 3993 nec
1170 3929 1202 3992 vi
1217 3950 1273 3992 nec
1290 3929 1371 3996 clam

260 4060 316 4103 uec
342 4037 479 4122 precario
507 4037 585 4100 alter
608 4036 646 4098 ab
670 4035 766 4099 altero
789 4033 964 4119 possidetis,
991 4053 1049 4116 quo
1072 4033 1176 4094 orions
1201 4031 1247 4095 ita
1273 4033 1369 4117 possi-

260 4141 369 4232 deatis
394 4141 541 4204 adversus
564 4161 600 4204 11
623 4137 688 4202 vim
710 4137 776 4201 fieri
793 4134 890 4200 vueto?
1138 4133 1141 4139 ’

162 4305 237 4371 221.
259 4305 329 4373 Cio.
352 4305 395 4372 dc
417 4305 498 4387 lege
520 4303 662 4386 agraria
682 4301 743 4367 ΙΙΙ
765 4302 829 4365 12
853 4299 920 4384 51.

303 4427 362 4505 Qui
377 4433 448 4512 post
464 4425 597 4489 Marium
613 4432 643 4488 et
659 4422 832 4488 Carbonem
848 4420 989 4485 consules
1005 4419 1080 4502 agri,
1105 4417 1256 4497 aedificio,
1272 4419 1369 4498 111111,

258 4540 378 4614 stagna,
394 4530 472 4611 loca,
488 4527 696 4614 possessiones
713 4525 837 4611 publice
852 4525 935 4603 data,
960 4524 1126 4607 assignata,
1142 4522 1278 4602 vendita,
1297 4543 1369 4584 con-

1200 4643 1217 4692 4
