3442 5412
664 443 886 504 -u÷

246 618 302 692 est,
325 618 426 696 potest
442 618 547 676 autem
563 620 595 676 et
613 612 730 677 nullius
751 613 784 676 in
801 613 889 678 bonis
905 612 986 679 esse:
1010 616 1084 679 nani
1099 637 1147 680 res
1163 615 1377 697 hereditariae,

245 723 411 798 antequam
429 715 542 798 aliquis
557 716 645 780 heres
661 718 784 799 existat,
802 716 919 782 nullius
934 718 967 782 in
983 718 1072 783 bonis
1090 726 1174 782 sunt.
1197 718 1256 782 hae
1272 725 1379 782 autem

196 889 199 893 ,
246 839 304 898 res,
333 840 413 903 quae
439 818 570 883 humani
596 819 673 884 iuris
700 827 783 899 sunt,
811 827 866 883 aut
888 821 1033 904 publicae
1055 828 1128 886 sunt
1151 828 1205 885 aut
1227 821 1378 905 privatae.

247 943 325 1005 quae
352 921 496 1006 publicae
523 928 606 1003 sunt,
641 921 759 986 nullius
787 922 820 986 in
849 923 939 986 bonis
971 943 1036 988 esse
1069 923 1246 1003 creduntur,
1281 923 1379 1008 ipsius

246 1023 329 1088 enim
353 1023 567 1088 universitatis
594 1045 662 1089 esse
684 1024 865 1088 creduntur:
893 1024 1041 1109 privatae.
1058 1018 1163 1090 autem
1183 1033 1270 1108 sunt,
1298 1047 1378 1110 quae

244 1127 437 1208 singulorum
459 1134 542 1191 sunt.

162 1311 870 1395 mmmmummmu

287 1451 410 1514 Paulos
433 1451 510 1514 libre
531 1455 772 1537 septaapemimo
795 1452 925 1514 secuodo
946 1451 989 1514 ad
1007 1452 1140 1514 edietum
1185 1453 1312 1518 Sacram
1328 1454 1377 1518 vel

243 1555 417 1638 religiosam
440 1577 505 1620 rem
530 1556 579 1620 vel
602 1555 709 1620 usibus
733 1555 866 1641 publicis
891 1555 925 1619 in
948 1563 1135 1639 perpetuum
1157 1556 1298 1620 relictam
1326 1556 1378 1639 (ut

244 1658 345 1722 forum
368 1668 422 1722 aut
446 1659 623 1741 basilicam)
647 1667 701 1722 aut
722 1658 1042 1734 hominem'liberum
1058 1659 1214 1722 inutiliter
1233 1659 1375 1743 stipulor,

244 1761 386 1845 quamvis
398 1783 486 1825 sacra
498 1763 628 1846 prolana
639 1763 705 1825 fieri
718 1769 749 1825 et
761 1761 868 1824 usibus
881 1760 1015 1845 publicis
1030 1761 1139 1824 relicta
1154 1761 1191 1824 in
1206 1761 1376 1846 privatos

243 1885 331 1928 usus
351 1865 492 1946 reverti
513 1874 544 1928 et
560 1887 598 1928 ex
613 1865 709 1930 libero
726 1884 834 1929 servus
849 1863 916 1927 fieri
932 1870 1043 1948 potest.
1081 1885 1155 1928 nam
1171 1872 1287 1928 etcum
1306 1865 1376 1948 quis

243 1989 309 2030 rem
336 1969 497 2052 profanam
527 1976 581 2031 aut
608 1967 750 2032 Stichum
779 1967 847 2030 dari
875 1966 1028 2051 promisit,
1061 1967 1222 2047 liberatur,
1255 1969 1282 2032 si
1309 1952 1390 2031 sine¹

243 2071 325 2134 sacto
353 2071 419 2135 eius
447 2091 495 2134 res
523 2091 610 2134 sacra
638 2091 703 2134 esse
730 2069 866 2156 coeperit
897 2077 952 2132 aut
978 2061 1104 2134 Stichus
1131 2070 1172 2133 ad
1198 2070 1376 2134 libertatem

242 2175 428 2258 pervenerit,
462 2195 518 2238 nec
553 2183 738 2240 revocantur
771 2173 803 2236 in
839 2160 1070 2256 obligationem,
1108 2173 1136 2236 si
1169 2194 1276 2237 rursus
1310 2175 1377 2256 lege

243 2276 349 2359 aliqua
376 2284 407 2340 et
434 2299 481 2341 res
505 2297 593 2342 sacra
615 2277 745 2362 profana
768 2297 833 2340 esse
857 2275 991 2359 coeperit
1014 2282 1045 2338 et
1068 2274 1193 2339 Stichus
1216 2297 1254 2340 ex
1277 2275 1375 2340 libero

242 2399 349 2442 servus
386 2380 512 2442 effectus
549 2381 599 2443 sit.
660 2379 815 2464 quoniam
844 2399 907 2441 una
945 2385 1039 2462 atque
1076 2377 1184 2442 eadem
1219 2399 1312 2442 causa
1346 2386 1377 2442 et

242 2480 395 2545 liberandi
419 2489 450 2545 et
473 2481 630 2564 obligandi
654 2489 744 2561 esset,
769 2482 850 2566 quod
871 2489 925 2545 aut
946 2467 1097 2546 darinon
1116 2481 1214 2567 possit
1235 2491 1289 2545 aut
1309 2481 1376 2545 dari

241 2585 353 2669 possit:
382 2606 456 2648 nam
479 2593 510 2648 et
533 2585 559 2648 si
582 2606 705 2667 navem,
735 2605 830 2667 quam
857 2585 1032 2670 spopondit,
1062 2584 1207 2649 dominus
1235 2585 1377 2649 dissolvit

242 2695 273 2750 et
295 2687 395 2751 isdem
416 2687 533 2751 tabulis
557 2687 754 2772 compegerit,
778 2688 853 2770 quia
873 2687 981 2750 eadem
1000 2687 1092 2750 navis
1113 2696 1203 2769 esset,
1226 2687 1377 2772 inciperet

243 2789 383 2872 obligari.
428 2812 483 2874 pro
507 2811 567 2875 quo
591 2799 623 2853 et
644 2790 724 2854 illud
747 2790 809 2853 dici
831 2811 921 2875 posse
944 2789 1056 2853 Pedius
1080 2790 1252 2862 scribitzsi
1275 2792 1376 2874 stipu-

241 2892 323 2956 latus
345 2894 432 2956 fuero
456 2915 495 2956 ex
518 2894 613 2957 lundo
635 2903 759 2957 centum
781 2893 947 2977 amphoras
968 2892 1044 2972 vini,
1069 2901 1247 2977 exspectare
1269 2893 1375 2973 debeo,

241 2995 338 3060 donec
354 3003 514 3059 nascatur:
539 3004 570 3059 et
586 2996 737 3059 sinotum
753 2996 819 3060 sine
836 2995 928 3078 culpa
943 2995 1140 3080 promissoris
1157 3004 1376 3080 consumptum

241 3098 292 3178 sit,
315 3120 438 3162 rursum
463 3107 642 3182 exspectare
666 3098 805 3180 debeam,
830 3097 927 3162 donec
949 3098 1065 3162 iterum
1088 3107 1234 3162 nascatur
1257 3109 1288 3162 et
1309 3099 1375 3162 dari

240 3201 352 3285 possit:
377 3209 408 3264 et
430 3221 484 3285 per
506 3201 562 3264 has
586 3201 669 3264 vicos
693 3211 745 3263 aut
768 3208 958 3264 cessaturam
980 3209 1034 3264 aut
1054 3201 1221 3265 valituram
1243 3201 1374 3286 stipula-

240 3305 368 3368 tionem.
413 3304 465 3367 sed
490 3305 565 3367 haec
589 3303 754 3367 dissimilia
776 3310 862 3368 sunt:
887 3303 963 3367 adeo
985 3304 1078 3383 enim,
1102 3303 1173 3367 curn
1189 3304 1268 3368 liber
1282 3305 1374 3368 homo

239 3408 411 3492 promissus
440 3413 496 3487 est,
523 3406 682 3470 servitutis
711 3414 835 3490 tempus
861 3406 1066 3490 spectandum
1088 3429 1150 3470 non
1174 3428 1248 3481 esse,
1278 3417 1375 3471 utne

239 3511 315 3574 haec
338 3510 465 3594 quidem
487 3510 648 3594 stipulatio
673 3510 710 3573 de
733 3508 859 3573 homine
881 3508 979 3572 libero
1004 3509 1163 3592 probanda
1181 3510 1237 3573 sit:
1262 3510 1374 3589 illum,

239 3635 309 3676 cum
336 3633 442 3677 servus
466 3633 537 3677 esse
565 3614 710 3696 coeperit,
743 3613 817 3676 dare
845 3611 1009 3695 spondes?
1044 3612 1120 3675 item
1151 3611 1231 3677 ‘eum
1260 3612 1373 3694 locum,

239 3737 309 3779 cum
341 3737 379 3780 ex
406 3736 490 3779 sacro
519 3715 699 3798 religiosove
722 3715 870 3798 profanus
893 3734 960 3778 esse
983 3714 1129 3798 coeperit,
1158 3713 1254 3778 dari?
1300 3717 1375 3801 quia
1444 3701 1447 3706 ¹

238 3840 295 3882 neo
326 3807 499 3903 praesentis
533 3818 681 3903 temporis
716 3817 937 3900 obligationem
971 3818 1107 3903 recipere
1140 3826 1243 3902 potest
1276 3826 1306 3881 ct
1338 3833 1383 3881 ea¹

238 3921 413 4002 dumtaxat,
448 3942 527 4004 quae
560 3931 673 3986 natura
706 3923 755 3986 sui
788 3921 950 4006 possibilia
984 3929 1072 4003 sunt,
1111 3921 1307 3985 deducuntur
1339 3923 1372 3986 in

238 4024 469 4107 obligationem.
515 4025 582 4089 vini
614 4033 720 4090 autem
752 4046 815 4090 non
843 4025 989 4109 speciem,
1023 4023 1076 4087 sed
1105 4044 1200 4105 genus
1230 4025 1373 4109 stipulari

237 4127 381 4192 videmur
410 4138 441 4192 et
469 4129 563 4193 tacite
591 4128 624 4192 in
651 4151 687 4193 ea
709 4137 833 4213 tempus
856 4127 1045 4190 continetur:
1074 4126 1167 4189 homo'
1189 4127 1267 4190 liber
1290 4136 1373 4192 certa

237 4230 339 4314 specie
367 4231 553 4295 continetur.
599 4242 630 4295 et
659 4253 762 4295 casum
778 4229 1018 4312 „adversamque
1051 4229 1211 4292 fortunam
1239 4231 1372 4313 spectari

235 4332 371 4398 hominis
398 4333 489 4398 liberi
517 4355 617 4419 neque
646 4334 865 4415 civileneque
893 4333 1036 4397 naturale
1064 4338 1124 4395 est:
1158 4353 1232 4394 nam
1260 4332 1297 4396 de
1323 4332 1372 4396 his

237 4437 329 4500 rebus
351 4439 511 4520 negotium
533 4446 616 4502 recte
640 4456 789 4520 geremus,
815 4457 895 4519 quae
918 4435 1016 4500 subici
1040 4435 1148 4498 usibus
1172 4434 1374 4518 dominioque

178 4583 182 4592 .
235 4547 341 4602 nostro
365 4540 473 4603 statim
495 4547 635 4624 possunt.
681 4547 712 4603 et
735 4539 825 4604 navis
847 4540 874 4602 si
896 4539 954 4602 hac
977 4545 1081 4624 mente
1104 4536 1239 4602 resoluta
1260 4546 1317 4618 est,
1339 4547 1375 4601 ut

1202 4656 1218 4707 2
