3442 5412
666 435 876 500 -69-

271 606 400 689 Titium,
437 607 491 691 qni
524 607 764 672 controversiam
798 614 947 686 moverat,
985 608 1216 691 transigeretur,
1254 607 1381 674 traditio

272 729 376 774 rerum
398 709 658 774 hereditariamm
681 711 801 775 Maeuio
825 710 932 776 heredi
948 733 966 774 a
981 710 1064 774 Titio
1088 713 1170 775 lacta
1192 719 1247 794 est,
1271 711 1382 797 inqua

272 812 440 879 traditione
463 814 559 877 etiam
574 814 707 879 fundum
723 815 752 878 ei
767 835 857 880 suum
875 814 1045 899 proprium,
1070 836 1163 900 quem
1179 823 1250 880 ante
1265 815 1381 881 multos

271 938 369 982 annos
393 938 450 982 avo
475 917 613 982 eiusdem
639 918 753 982 Maevii
781 918 903 983 heredis
931 918 1122 1001 obligaverat
1150 940 1304 1003 quemque
1327 919 1381 983 alii

272 1027 380 1106 postea
410 1020 443 1084 in
477 1021 698 1104 obligationem
726 1021 906 1104 deduxerat,
941 1043 979 1086 ex
1006 1043 1100 1086 causa
1128 1022 1211 1105 pacti
1241 1022 1380 1086 tradidit.

271 1112 320 1188 his
342 1125 437 1207 gestis
460 1125 611 1209 posterior
633 1125 709 1190 Titii
733 1125 866 1189 creditor
892 1125 941 1190 ius
967 1146 1059 1189 suum
1081 1135 1260 1210 persecutus
1282 1133 1328 1189 est
1350 1133 1382 1191 at

272 1227 417 1312 optinuit.
441 1236 513 1313 post
535 1229 592 1292 hoc
614 1228 767 1293 iudicium
787 1228 928 1292 Maevius
950 1228 1039 1292 heres
1066 1229 1202 1314 repperit
1229 1229 1262 1293 in
1289 1229 1381 1293 rebus

271 1330 365 1395 avitis
398 1331 635 1418 chirographum
667 1332 805 1396 eiusdem
834 1333 911 1396 Titii
940 1339 1013 1398 ante
1039 1333 1155 1396 multos
1182 1353 1279 1397 annos
1308 1355 1380 1397 con-

272 1435 435 1520 scriptum,
469 1456 524 1520 per
557 1435 640 1518 quod
674 1435 819 1520 apparuit
851 1456 925 1499 eum
945 1435 1088 1516 fundum,
1123 1436 1233 1520 quiin
1256 1456 1381 1500 causam

272 1538 490 1602 transactionis
518 1546 655 1619 venerat,
688 1539 783 1603 etiam
810 1558 867 1602 avo
895 1559 950 1603 suo
978 1539 1017 1602 ab
1044 1539 1152 1602 eodem
1176 1539 1259 1603 Titio
1286 1539 1381 1604 luisse

273 1641 454 1724 obligatum.
479 1663 550 1705 oum
566 1663 636 1725 ergo
653 1650 772 1706 constet
787 1643 874 1727 prius
890 1663 947 1706 avo
963 1641 1078 1706 Maevii
1101 1641 1223 1706 heredis
1244 1643 1278 1706 in
1302 1642 1381 1708 obli·

273 1745 430 1828 gationem
453 1745 587 1809 eundem
609 1745 741 1809 fundum
765 1745 883 1827 datum,
912 1745 950 1808 de
973 1766 1033 1829 quo
1058 1744 1196 1809 Maevius
1219 1754 1381 1830 superatus

272 1855 327 1927 est,
351 1869 476 1932 quaero,
500 1870 540 1912 an
562 1849 611 1913 ius
634 1849 684 1912 avi
709 1848 768 1930 sui,
793 1847 876 1933 quod
897 1855 982 1927 tunc,
1005 1869 1075 1910 cnm
1099 1847 1136 1911 de
1160 1848 1268 1912 eodem
1284 1849 1381 1913 fundo

273 1962 423 2034 ageretur,
448 1952 621 2034 ignorabat,
644 1952 732 2016 nulla
755 1952 936 2034 exceptione
959 1951 1101 2034 opposita
1123 1952 1252 2035 exsequi
1274 1954 1380 2037 possit.

272 2054 431 2138 respondi:
454 2054 481 2118 si
497 2054 535 2118 de
551 2055 738 2140 proprietate
752 2053 842 2118 fundi
859 2054 998 2137 litigatur
1014 2061 1045 2118 et
1059 2054 1228 2118 secundum
1245 2063 1380 2120 actorem

272 2157 508 2242 pronuntiatum
524 2157 635 2222 luisset
651 2158 824 2222 diceremus
840 2157 957 2242 petenti
974 2157 1012 2236 ei,
1030 2157 1132 2240 quiin
1148 2157 1250 2242 priore
1264 2158 1381 2224 iudicio

272 2260 373 2324 victus
395 2269 452 2341 est,
476 2261 670 2326 obstaturam
693 2262 738 2325 rei
760 2260 915 2325 indicatae
931 2260 1155 2344 exceptionem,
1179 2261 1326 2345 quoniam
1343 2262 1381 2327 de

272 2365 339 2429 eius
366 2385 488 2450 quoque
515 2365 582 2429 iure
610 2365 787 2449 quaesitum
814 2365 946 2443 videtur,
982 2385 1052 2428 cum
1081 2372 1166 2428 actor
1197 2365 1380 2451 petitionem

270 2468 391 2552 implet.
417 2467 500 2553 quod
515 2469 542 2533 si
557 2488 714 2554 possessor
726 2469 889 2532 absolutus
900 2468 1015 2532 amissa
1026 2469 1235 2552 prossessione
1248 2469 1381 2533 eundem

272 2572 311 2635 ab
334 2572 452 2654 eodem,
476 2573 529 2657 qui
553 2573 638 2656 prius
661 2594 724 2636 non
747 2572 892 2655 optinuit,
916 2579 1045 2656 peteret,
1068 2594 1131 2636 non
1147 2573 1268 2638 obesset
1284 2573 1312 2636 ei
1328 2594 1381 2637 ex·

272 2676 386 2761 ceptio:
421 2675 500 2740 nihil
535 2675 618 2740 enirn
654 2676 687 2740 in
721 2696 776 2741 suo
811 2675 927 2740 iudicio
962 2675 1000 2739 de
1032 2675 1100 2739 inre
1133 2676 1200 2740 eius
1228 2683 1382 2740 statutum

271 2779 438 2844 videretur.
473 2801 543 2844 curn
560 2787 666 2844 autem
681 2779 886 2865 pignoraticia
902 2786 1008 2842 actum
1023 2787 1070 2842 est
1086 2778 1232 2842 adversus
1247 2779 1380 2864 priorem

270 2882 464 2963 creditorem,
492 2890 594 2968 potest
616 2883 693 2965 fiori,
721 2890 756 2946 ut
780 2882 817 2945 de
840 2882 907 2945 iure
929 2881 1113 2966 possessoris
1135 2902 1198 2944 non
1221 2881 1262 2944 sit
1284 2903 1380 2966 quae·

232 3012 240 3028 ⁶
271 2986 377 3066 situm,
407 2986 480 3071 quia
507 3008 579 3068 non,
607 2995 642 3051 ut
669 2987 703 3050 in
730 2985 929 3070 proprietatis
956 2985 1137 3069 quaestione
1165 2984 1247 3068 quod
1275 3005 1380 3048 meum

270 3096 317 3153 est
340 3089 468 3153 alterius
491 3111 553 3153 non
577 3097 633 3168 est,
657 3090 702 3152 ita
725 3090 757 3153 in
782 3087 970 3170 obligatione
992 3088 1102 3172 utique
1118 3109 1307 3172 consequens
1323 3095 1379 3168 est,

270 3199 389 3257 utnon
417 3193 458 3256 sit
480 3192 536 3256 alii
564 3193 744 3276 obligatum,
774 3191 857 3277 qnod
879 3191 931 3254 hic
952 3191 1097 3276 probabit
1119 3191 1178 3256 sibi
1203 3191 1312 3256 teneri.
1350 3198 1381 3255 et

269 3295 461 3380 probabilius
484 3296 598 3360 dicitur
621 3318 682 3360 non
706 3297 828 3360 obstare
844 3297 1067 3379 exceptionem,
1091 3293 1240 3378 quoniam
1256 3295 1294 3358 de
1313 3294 1380 3359 iure

269 3398 451 3482 possessoris
474 3398 651 3482 quaesitum
678 3419 740 3462 non
769 3406 824 3477 est,
857 3397 910 3462 sed
939 3397 977 3460 de
1010 3398 1075 3461 sola
1104 3396 1302 3480 obligatione.
1347 3397 1379 3461 in

268 3502 428 3585 proposita
450 3509 556 3566 antem
580 3502 760 3584 quaestione
782 3501 880 3584 magis
908 3522 958 3565 me
980 3499 1061 3565 illud
1083 3508 1197 3583 movet,
1227 3501 1379 3584 numquid

268 3604 405 3688 pignoris
427 3604 476 3667 ius
501 3604 674 3668 extinctum
697 3604 738 3668 sit
765 3603 902 3669 dominio
931 3604 1103 3687 adquisito:
1138 3625 1256 3688 neque
1284 3605 1380 3669 enim

267 3715 394 3790 potest
428 3708 561 3791 pignus
595 3729 836 3792 perseverare
872 3708 1022 3772 domino
1059 3709 1266 3772 constituto
1302 3729 1379 3772 cre·

269 3810 401 3875 ditore.
448 3812 546 3875 actio
569 3819 692 3875 tamen
714 3812 967 3896 pignoraticia
987 3812 1180 3896 competit:
1204 3832 1312 3876 verum
1332 3818 1380 3876 est

269 3915 353 3978 enirn
376 3923 406 3978 et
428 3916 548 4000 pignori
572 3915 679 3979 datum
704 3922 735 3979 et
757 3916 948 3980 satisfactum
977 3936 1039 3979 non
1067 3935 1142 3994 esse,
1177 3936 1271 3999 quare
1303 3922 1378 3999 puto

268 4040 332 4082 non
356 4019 477 4083 obstare
501 4020 544 4083 rei
568 4019 724 4083 iudicatae
748 4021 972 4104 exceptionem.

158 4212 231 4278 312.
264 4212 385 4295 l.14‚1
407 4212 488 4296 Ilig.
504 4212 547 4281 de
570 4213 709 4296 pigner.
729 4213 788 4295 20,
799 4212 827 4278 1.

318 4330 471 4415 Ulpianus
499 4331 574 4396 libro
601 4335 821 4418 septuagesimo
849 4336 935 4397 tertio
959 4334 1001 4397 ad
1022 4335 1153 4430 edictum
1197 4333 1243 4396 Ex
1265 4332 1378 4416 quibus

268 4437 390 4501 casibus
416 4437 569 4502 naturalis
597 4437 743 4520 obligatio
772 4438 922 4517 consistit,
951 4441 1062 4522 pignus
1085 4437 1281 4521 perseverare
1305 4457 1378 4501 con-

267 4540 359 4606 stitit.
