<?xml version="1.0" encoding="UTF-8"?>
<!DOCTYPE html PUBLIC "-//W3C//DTD XHTML 1.0 Transitional//EN"
    "http://www.w3.org/TR/xhtml1/DTD/xhtml1-transitional.dtd">
<html xmlns="http://www.w3.org/1999/xhtml" xml:lang="en" lang="en">
 <head>
  <title>
</title>
<meta http-equiv="Content-Type" content="text/html;charset=utf-8" />
  <meta name='ocr-system' content='tesseract 3.04.00' />
  <meta name='ocr-capabilities' content='ocr_page ocr_carea ocr_par ocr_line ocrx_word'/>
</head>
<body>
  <div class='ocr_page' id='page_1' title='image "ausgewhltequell00kbgoog_0083.png"; bbox 0 0 3442 5412; ppageno 0'>
   <div class='ocr_carea' id='block_1_1' title="bbox 868 425 1083 488">
    <p class='ocr_par' dir='ltr' id='par_1_1' title="bbox 868 425 1083 488">
     <span class='ocr_line' id='line_1_1' title="bbox 868 425 1083 488; baseline 0 -16"><span class='ocrx_word' id='word_1_1' title='bbox 868 425 1083 488; x_wconf 72' lang='lat'>..75-</span> 
     </span>
    </p>
   </div>
   <div class='ocr_carea' id='block_1_2' title="bbox 471 594 1584 1194">
    <p class='ocr_par' dir='ltr' id='par_1_2' title="bbox 471 594 1584 1194">
     <span class='ocr_line' id='line_1_2' title="bbox 472 594 1583 681; baseline -0.001 -20"><span class='ocrx_word' id='word_1_2' title='bbox 472 596 526 680; x_wconf 91' lang='lat' dir='ltr'>qui</span> <span class='ocrx_word' id='word_1_3' title='bbox 549 596 736 661; x_wconf 84' lang='lat' dir='ltr'>subiecerit?</span> <span class='ocrx_word' id='word_1_4' title='bbox 760 618 833 660; x_wconf 91' lang='lat' dir='ltr'>nam</span> <span class='ocrx_word' id='word_1_5' title='bbox 856 597 909 681; x_wconf 94' lang='lat' dir='ltr'>qui</span> <span class='ocrx_word' id='word_1_6' title='bbox 934 595 1078 678; x_wconf 78' lang='lat' dir='ltr'><strong>custodit,</strong></span> <span class='ocrx_word' id='word_1_7' title='bbox 1102 595 1181 660; x_wconf 88' lang='lat' dir='ltr'>nihil</span> <span class='ocrx_word' id='word_1_8' title='bbox 1204 595 1287 674; x_wconf 88' lang='lat' dir='ltr'>fecit,</span> <span class='ocrx_word' id='word_1_9' title='bbox 1311 597 1365 678; x_wconf 88' lang='lat' dir='ltr'>qui</span> <span class='ocrx_word' id='word_1_10' title='bbox 1380 603 1461 659; x_wconf 90' lang='lat' dir='ltr'>recte</span> <span class='ocrx_word' id='word_1_11' title='bbox 1478 594 1583 678; x_wconf 89' lang='lat' dir='ltr'>ignem</span> 
     </span>
     <span class='ocr_line' id='line_1_3' title="bbox 471 697 1584 783; baseline 0 -21"><span class='ocrx_word' id='word_1_12' title='bbox 471 699 614 776; x_wconf 76' lang='lat' dir='ltr'>subiecit,</span> <span class='ocrx_word' id='word_1_13' title='bbox 638 721 700 763; x_wconf 92' lang='lat' dir='ltr'>non</span> <span class='ocrx_word' id='word_1_14' title='bbox 723 700 878 783; x_wconf 88' lang='lat' dir='ltr'>peccavit:</span> <span class='ocrx_word' id='word_1_15' title='bbox 903 698 976 782; x_wconf 93' lang='lat' dir='ltr'>quid</span> <span class='ocrx_word' id='word_1_16' title='bbox 1001 719 1072 780; x_wconf 88' lang='lat' dir='ltr'>ergo</span> <span class='ocrx_word' id='word_1_17' title='bbox 1096 697 1162 761; x_wconf 83' lang='lat' dir='ltr'>est?</span> <span class='ocrx_word' id='word_1_18' title='bbox 1187 705 1261 782; x_wconf 90' lang='lat' dir='ltr'>puto</span> <span class='ocrx_word' id='word_1_19' title='bbox 1281 699 1390 762; x_wconf 89' lang='lat' dir='ltr'>utilem</span> <span class='ocrx_word' id='word_1_20' title='bbox 1407 705 1584 782; x_wconf 83' lang='lat' dir='ltr'>competere</span> 
     </span>
     <span class='ocr_line' id='line_1_4' title="bbox 472 801 1583 885; baseline 0.001 -21"><span class='ocrx_word' id='word_1_21' title='bbox 472 801 626 866; x_wconf 80' lang='lat' dir='ltr'>actionem</span> <span class='ocrx_word' id='word_1_22' title='bbox 653 808 719 865; x_wconf 89' lang='lat' dir='ltr'>tam</span> <span class='ocrx_word' id='word_1_23' title='bbox 746 801 779 866; x_wconf 93' lang='lat' dir='ltr'>in</span> <span class='ocrx_word' id='word_1_24' title='bbox 807 824 877 866; x_wconf 93' lang='lat' dir='ltr'>eum</span> <span class='ocrx_word' id='word_1_25' title='bbox 901 803 955 885; x_wconf 93' lang='lat' dir='ltr'>qui</span> <span class='ocrx_word' id='word_1_26' title='bbox 978 801 1017 864; x_wconf 95' lang='lat' dir='ltr'>ad</span> <span class='ocrx_word' id='word_1_27' title='bbox 1040 803 1198 864; x_wconf 78' lang='lat' dir='ltr'>fornacem</span> <span class='ocrx_word' id='word_1_28' title='bbox 1221 801 1409 866; x_wconf 82' lang='lat' dir='ltr'>obdormivit</span> <span class='ocrx_word' id='word_1_29' title='bbox 1431 823 1527 885; x_wconf 89' lang='lat' dir='ltr'>quarn</span> <span class='ocrx_word' id='word_1_30' title='bbox 1550 801 1583 865; x_wconf 94' lang='lat' dir='ltr'>in</span> 
     </span>
     <span class='ocr_line' id='line_1_5' title="bbox 471 903 1583 988; baseline -0.001 -20"><span class='ocrx_word' id='word_1_31' title='bbox 471 926 542 968; x_wconf 91' lang='lat' dir='ltr'>eum</span> <span class='ocrx_word' id='word_1_32' title='bbox 565 905 619 988; x_wconf 93' lang='lat' dir='ltr'>qui</span> <span class='ocrx_word' id='word_1_33' title='bbox 642 905 838 988; x_wconf 84' lang='lat' dir='ltr'>neglegenter</span> <span class='ocrx_word' id='word_1_34' title='bbox 860 905 1005 985; x_wconf 83' lang='lat' dir='ltr'>custodit,</span> <span class='ocrx_word' id='word_1_35' title='bbox 1029 925 1085 968; x_wconf 91' lang='lat' dir='ltr'>nec</span> <span class='ocrx_word' id='word_1_36' title='bbox 1108 904 1272 987; x_wconf 87' lang='lat' dir='ltr'>quisquam</span> <span class='ocrx_word' id='word_1_37' title='bbox 1296 903 1412 968; x_wconf 84' lang='lat' dir='ltr'>dixerit</span> <span class='ocrx_word' id='word_1_38' title='bbox 1427 905 1459 967; x_wconf 93' lang='lat' dir='ltr'>in</span> <span class='ocrx_word' id='word_1_39' title='bbox 1476 925 1513 967; x_wconf 89' lang='lat' dir='ltr'>en</span> <span class='ocrx_word' id='word_1_40' title='bbox 1530 903 1583 987; x_wconf 92' lang='lat' dir='ltr'>qni</span> 
     </span>
     <span class='ocr_line' id='line_1_6' title="bbox 471 1007 1583 1092; baseline -0.001 -22"><span class='ocrx_word' id='word_1_41' title='bbox 471 1007 668 1090; x_wconf 92' lang='lat' dir='ltr'>obdormivit,</span> <span class='ocrx_word' id='word_1_42' title='bbox 697 1030 763 1072; x_wconf 93' lang='lat' dir='ltr'>rem</span> <span class='ocrx_word' id='word_1_43' title='bbox 789 1029 862 1071; x_wconf 88' lang='lat' dir='ltr'>eum</span> <span class='ocrx_word' id='word_1_44' title='bbox 887 1007 1059 1071; x_wconf 87' lang='lat' dir='ltr'>humanam</span> <span class='ocrx_word' id='word_1_45' title='bbox 1085 1015 1118 1071; x_wconf 88' lang='lat' dir='ltr'>et</span> <span class='ocrx_word' id='word_1_46' title='bbox 1145 1008 1322 1070; x_wconf 84' lang='lat' dir='ltr'>naturalem</span> <span class='ocrx_word' id='word_1_47' title='bbox 1346 1028 1480 1092; x_wconf 88' lang='lat' dir='ltr'>passum,</span> <span class='ocrx_word' id='word_1_48' title='bbox 1512 1028 1583 1070; x_wconf 91' lang='lat' dir='ltr'>cum</span> 
     </span>
     <span class='ocr_line' id='line_1_7' title="bbox 471 1109 1581 1194; baseline 0 -21"><span class='ocrx_word' id='word_1_49' title='bbox 471 1110 597 1174; x_wconf 87' lang='lat' dir='ltr'>deberet</span> <span class='ocrx_word' id='word_1_50' title='bbox 623 1111 672 1175; x_wconf 89' lang='lat' dir='ltr'>vel</span> <span class='ocrx_word' id='word_1_51' title='bbox 699 1110 803 1194; x_wconf 82' lang='lat' dir='ltr'>ignem</span> <span class='ocrx_word' id='word_1_52' title='bbox 831 1111 1027 1193; x_wconf 79' lang='lat' dir='ltr'>exstinguere</span> <span class='ocrx_word' id='word_1_53' title='bbox 1055 1111 1102 1174; x_wconf 88' lang='lat' dir='ltr'>vel</span> <span class='ocrx_word' id='word_1_54' title='bbox 1131 1111 1177 1173; x_wconf 91' lang='lat' dir='ltr'>ita</span> <span class='ocrx_word' id='word_1_55' title='bbox 1202 1109 1335 1190; x_wconf 89' lang='lat' dir='ltr'>munire,</span> <span class='ocrx_word' id='word_1_56' title='bbox 1363 1131 1402 1174; x_wconf 93' lang='lat' dir='ltr'>ne</span> <span class='ocrx_word' id='word_1_57' title='bbox 1425 1117 1581 1192; x_wconf 87' lang='lat' dir='ltr'>evagetur.</span> 
     </span>
    </p>
   </div>
   <div class='ocr_carea' id='block_1_3' title="bbox 363 1252 1138 1340">
    <p class='ocr_par' dir='ltr' id='par_1_3' title="bbox 363 1252 1138 1340">
     <span class='ocr_line' id='line_1_8' title="bbox 363 1252 1138 1340; baseline 0.001 -21"><span class='ocrx_word' id='word_1_58' title='bbox 363 1252 440 1320; x_wconf 88' lang='grc'><strong>333.</strong></span> <span class='ocrx_word' id='word_1_59' title='bbox 473 1254 499 1320; x_wconf 90' lang='lat' dir='ltr'>l.</span> <span class='ocrx_word' id='word_1_60' title='bbox 515 1255 599 1340; x_wconf 57' lang='lat' dir='ltr'>25st</span> <span class='ocrx_word' id='word_1_61' title='bbox 621 1257 701 1338; x_wconf 80' lang='lat' dir='ltr'>Ing.</span> <span class='ocrx_word' id='word_1_62' title='bbox 725 1257 834 1324; x_wconf 87' lang='lat' dir='ltr'>locati</span> <span class='ocrx_word' id='word_1_63' title='bbox 856 1255 1019 1323; x_wconf 85' lang='lat' dir='ltr'>conducti</span> <span class='ocrx_word' id='word_1_64' title='bbox 1041 1256 1096 1338; x_wconf 84' lang='grc'>19,</span> <span class='ocrx_word' id='word_1_65' title='bbox 1107 1258 1138 1320; x_wconf 86' lang='grc'>2.</span> 
     </span>
    </p>
   </div>
   <div class='ocr_carea' id='block_1_4' title="bbox 468 1375 1583 2184">
    <p class='ocr_par' dir='ltr' id='par_1_4' title="bbox 468 1375 1583 2184">
     <span class='ocr_line' id='line_1_9' title="bbox 516 1375 1582 1460; baseline -0.002 -20"><span class='ocrx_word' id='word_1_66' title='bbox 516 1375 618 1440; x_wconf 81' lang='lat' dir='ltr'>Gaius</span> <span class='ocrx_word' id='word_1_67' title='bbox 640 1376 717 1439; x_wconf 74' lang='lat' dir='ltr'>libro</span> <span class='ocrx_word' id='word_1_68' title='bbox 739 1377 851 1440; x_wconf 80' lang='lat' dir='ltr'>decimo</span> <span class='ocrx_word' id='word_1_69' title='bbox 873 1378 916 1440; x_wconf 84' lang='lat' dir='ltr'>ad</span> <span class='ocrx_word' id='word_1_70' title='bbox 935 1378 1067 1440; x_wconf 80' lang='lat' dir='ltr'>edictum</span> <span class='ocrx_word' id='word_1_71' title='bbox 1085 1376 1278 1460; x_wconf 77' lang='lat' dir='ltr'>provinciale</span> <span class='ocrx_word' id='word_1_72' title='bbox 1321 1375 1381 1453; x_wconf 80' lang='lat' dir='ltr'>Qui</span> <span class='ocrx_word' id='word_1_73' title='bbox 1403 1376 1582 1440; x_wconf 89' lang='lat' dir='ltr'>columnam</span> 
     </span>
     <span class='ocr_line' id='line_1_10' title="bbox 470 1479 1583 1565; baseline -0.001 -22"><span class='ocrx_word' id='word_1_74' title='bbox 470 1481 744 1565; x_wconf 85' lang='lat' dir='ltr'>transportandam</span> <span class='ocrx_word' id='word_1_75' title='bbox 768 1480 928 1561; x_wconf 87' lang='lat' dir='ltr'>conduxit,</span> <span class='ocrx_word' id='word_1_76' title='bbox 953 1480 977 1543; x_wconf 91' lang='lat' dir='ltr'>si</span> <span class='ocrx_word' id='word_1_77' title='bbox 1001 1501 1047 1559; x_wconf 88' lang='lat' dir='ltr'>ea,</span> <span class='ocrx_word' id='word_1_78' title='bbox 1072 1480 1146 1544; x_wconf 91' lang='lat' dir='ltr'>dum</span> <span class='ocrx_word' id='word_1_79' title='bbox 1162 1479 1284 1544; x_wconf 90' lang='lat' dir='ltr'>tollitur</span> <span class='ocrx_word' id='word_1_80' title='bbox 1299 1488 1354 1543; x_wconf 94' lang='lat' dir='ltr'>aut</span> <span class='ocrx_word' id='word_1_81' title='bbox 1370 1487 1514 1564; x_wconf 89' lang='lat' dir='ltr'>portatur</span> <span class='ocrx_word' id='word_1_82' title='bbox 1529 1486 1583 1543; x_wconf 93' lang='lat' dir='ltr'>aut</span> 
     </span>
     <span class='ocr_line' id='line_1_11' title="bbox 470 1582 1582 1669; baseline -0.001 -22"><span class='ocrx_word' id='word_1_83' title='bbox 470 1583 641 1669; x_wconf 87' lang='lat' dir='ltr'>reponitur,</span> <span class='ocrx_word' id='word_1_84' title='bbox 666 1585 762 1648; x_wconf 81' lang='lat' dir='ltr'>fracta</span> <span class='ocrx_word' id='word_1_85' title='bbox 785 1584 836 1662; x_wconf 88' lang='lat' dir='ltr'>sit,</span> <span class='ocrx_word' id='word_1_86' title='bbox 859 1585 905 1647; x_wconf 88' lang='lat' dir='ltr'>ita</span> <span class='ocrx_word' id='word_1_87' title='bbox 925 1583 958 1648; x_wconf 92' lang='lat' dir='ltr'>id</span> <span class='ocrx_word' id='word_1_88' title='bbox 984 1583 1155 1667; x_wconf 91' lang='lat' dir='ltr'>periculum</span> <span class='ocrx_word' id='word_1_89' title='bbox 1181 1590 1328 1668; x_wconf 86' lang='lat' dir='ltr'>praestat,</span> <span class='ocrx_word' id='word_1_90' title='bbox 1352 1582 1379 1646; x_wconf 91' lang='lat' dir='ltr'>si</span> <span class='ocrx_word' id='word_1_91' title='bbox 1403 1603 1465 1665; x_wconf 92' lang='lat' dir='ltr'>qua</span> <span class='ocrx_word' id='word_1_92' title='bbox 1485 1583 1582 1666; x_wconf 87' lang='lat' dir='ltr'>ipsius</span> 
     </span>
     <span class='ocr_line' id='line_1_12' title="bbox 470 1685 1582 1770; baseline -0.002 -20"><span class='ocrx_word' id='word_1_93' title='bbox 470 1707 649 1770; x_wconf 86' lang='lat' dir='ltr'>eorumque,</span> <span class='ocrx_word' id='word_1_94' title='bbox 667 1708 797 1770; x_wconf 90' lang='lat' dir='ltr'>qnorum</span> <span class='ocrx_word' id='word_1_95' title='bbox 811 1707 905 1770; x_wconf 89' lang='lat' dir='ltr'>opera</span> <span class='ocrx_word' id='word_1_96' title='bbox 918 1694 1065 1767; x_wconf 89' lang='lat' dir='ltr'>uteretur,</span> <span class='ocrx_word' id='word_1_97' title='bbox 1083 1685 1175 1770; x_wconf 89' lang='lat' dir='ltr'>culpa</span> <span class='ocrx_word' id='word_1_98' title='bbox 1190 1685 1350 1750; x_wconf 89' lang='lat' dir='ltr'>acciderit:</span> <span class='ocrx_word' id='word_1_99' title='bbox 1368 1686 1459 1770; x_wconf 89' lang='lat' dir='ltr'>culpa</span> <span class='ocrx_word' id='word_1_100' title='bbox 1477 1694 1582 1749; x_wconf 92' lang='lat' dir='ltr'>autem</span> 
     </span>
     <span class='ocr_line' id='line_1_13' title="bbox 470 1787 1580 1872; baseline -0.003 -19"><span class='ocrx_word' id='word_1_101' title='bbox 470 1790 567 1871; x_wconf 89' lang='lat' dir='ltr'>abest,</span> <span class='ocrx_word' id='word_1_102' title='bbox 591 1789 617 1853; x_wconf 90' lang='lat' dir='ltr'>si</span> <span class='ocrx_word' id='word_1_103' title='bbox 638 1789 742 1853; x_wconf 84' lang='lat' dir='ltr'>omnia</span> <span class='ocrx_word' id='word_1_104' title='bbox 758 1790 938 1868; x_wconf 83' lang='lat' dir='ltr'>factasunt,</span> <span class='ocrx_word' id='word_1_105' title='bbox 963 1809 1042 1872; x_wconf 90' lang='lat' dir='ltr'>quae</span> <span class='ocrx_word' id='word_1_106' title='bbox 1058 1787 1314 1871; x_wconf 87' lang='lat' dir='ltr'>diligentissimus</span> <span class='ocrx_word' id='word_1_107' title='bbox 1330 1788 1461 1872; x_wconf 90' lang='lat' dir='ltr'>quisque</span> <span class='ocrx_word' id='word_1_108' title='bbox 1477 1788 1580 1852; x_wconf 90' lang='lat' dir='ltr'>obser-</span> 
     </span>
     <span class='ocr_line' id='line_1_14' title="bbox 469 1890 1581 1975; baseline -0.002 -19"><span class='ocrx_word' id='word_1_109' title='bbox 469 1900 599 1956; x_wconf 89' lang='lat' dir='ltr'>vaturus</span> <span class='ocrx_word' id='word_1_110' title='bbox 633 1893 752 1956; x_wconf 88' lang='lat' dir='ltr'>fuisset.</span> <span class='ocrx_word' id='word_1_111' title='bbox 797 1893 882 1957; x_wconf 89' lang='lat' dir='ltr'>idem</span> <span class='ocrx_word' id='word_1_112' title='bbox 915 1892 1033 1956; x_wconf 88' lang='lat' dir='ltr'>scilicet</span> <span class='ocrx_word' id='word_1_113' title='bbox 1061 1893 1276 1975; x_wconf 87' lang='lat' dir='ltr'>intellegemus</span> <span class='ocrx_word' id='word_1_114' title='bbox 1305 1902 1336 1957; x_wconf 92' lang='lat' dir='ltr'>et</span> <span class='ocrx_word' id='word_1_115' title='bbox 1364 1893 1390 1956; x_wconf 90' lang='lat' dir='ltr'>si</span> <span class='ocrx_word' id='word_1_116' title='bbox 1418 1891 1506 1956; x_wconf 91' lang='lat' dir='ltr'>dolia</span> <span class='ocrx_word' id='word_1_117' title='bbox 1532 1890 1581 1955; x_wconf 91' lang='lat' dir='ltr'>vel</span> 
     </span>
     <span class='ocr_line' id='line_1_15' title="bbox 468 1994 1581 2080; baseline -0.001 -21"><span class='ocrx_word' id='word_1_118' title='bbox 468 1996 589 2078; x_wconf 87' lang='lat' dir='ltr'>tignum</span> <span class='ocrx_word' id='word_1_119' title='bbox 614 1996 888 2079; x_wconf 88' lang='lat' dir='ltr'>transportandum</span> <span class='ocrx_word' id='word_1_120' title='bbox 911 1996 1025 2078; x_wconf 87' lang='lat' dir='ltr'>aliquis</span> <span class='ocrx_word' id='word_1_121' title='bbox 1047 1996 1245 2061; x_wconf 88' lang='lat' dir='ltr'>conduxerit:</span> <span class='ocrx_word' id='word_1_122' title='bbox 1269 1995 1414 2080; x_wconf 91' lang='lat' dir='ltr'>idemque</span> <span class='ocrx_word' id='word_1_123' title='bbox 1430 1994 1581 2059; x_wconf 90' lang='lat' dir='ltr'>etiamad</span> 
     </span>
     <span class='ocr_line' id='line_1_16' title="bbox 470 2100 974 2184; baseline 0.002 -23"><span class='ocrx_word' id='word_1_124' title='bbox 470 2107 586 2163; x_wconf 87' lang='lat' dir='ltr'>ceteras</span> <span class='ocrx_word' id='word_1_125' title='bbox 609 2120 658 2164; x_wconf 83' lang='lat' dir='ltr'>rea</span> <span class='ocrx_word' id='word_1_126' title='bbox 680 2100 841 2164; x_wconf 84' lang='lat' dir='ltr'>transferri</span> <span class='ocrx_word' id='word_1_127' title='bbox 864 2107 974 2184; x_wconf 89' lang='lat' dir='ltr'>potest.</span> 
     </span>
    </p>
   </div>
   <div class='ocr_carea' id='block_1_5' title="bbox 363 2232 1159 2316">
    <p class='ocr_par' dir='ltr' id='par_1_5' title="bbox 363 2232 1159 2316">
     <span class='ocr_line' id='line_1_17' title="bbox 363 2232 1159 2316; baseline -0.001 -17"><span class='ocrx_word' id='word_1_128' title='bbox 363 2232 439 2299; x_wconf 80' lang='lat'><strong>334.</strong></span> <span class='ocrx_word' id='word_1_129' title='bbox 472 2233 530 2298; x_wconf 91' lang='lat' dir='ltr'>l.l</span> <span class='ocrx_word' id='word_1_130' title='bbox 552 2253 606 2316; x_wconf 90' lang='lat' dir='ltr'>pr.</span> <span class='ocrx_word' id='word_1_131' title='bbox 629 2234 709 2316; x_wconf 77' lang='lat' dir='ltr'>llig.</span> <span class='ocrx_word' id='word_1_132' title='bbox 733 2235 829 2299; x_wconf 88' lang='lat' dir='ltr'>naut.</span> <span class='ocrx_word' id='word_1_133' title='bbox 853 2252 950 2316; x_wconf 83' lang='lat' dir='ltr'>caup.</span> <span class='ocrx_word' id='word_1_134' title='bbox 974 2234 1064 2301; x_wconf 87' lang='lat' dir='ltr'>stab.</span> <span class='ocrx_word' id='word_1_135' title='bbox 1080 2233 1112 2314; x_wconf 82' lang='lat'>4,</span> <span class='ocrx_word' id='word_1_136' title='bbox 1125 2233 1159 2298; x_wconf 85' lang='grc'>9.</span> 
     </span>
    </p>
   </div>
   <div class='ocr_carea' id='block_1_6' title="bbox 471 2353 1579 2645">
    <p class='ocr_par' dir='ltr' id='par_1_6' title="bbox 471 2353 1579 2645">
     <span class='ocr_line' id='line_1_18' title="bbox 520 2353 1579 2439; baseline -0.003 -22"><span class='ocrx_word' id='word_1_137' title='bbox 520 2353 676 2438; x_wconf 79' lang='lat' dir='ltr'>Ulpianus</span> <span class='ocrx_word' id='word_1_138' title='bbox 711 2353 788 2416; x_wconf 77' lang='lat' dir='ltr'>libro</span> <span class='ocrx_word' id='word_1_139' title='bbox 821 2365 931 2438; x_wconf 80' lang='lat' dir='ltr'>quarto</span> <span class='ocrx_word' id='word_1_140' title='bbox 964 2355 1078 2418; x_wconf 79' lang='lat' dir='ltr'>decimo</span> <span class='ocrx_word' id='word_1_141' title='bbox 1112 2357 1155 2418; x_wconf 84' lang='lat' dir='ltr'>ad</span> <span class='ocrx_word' id='word_1_142' title='bbox 1180 2356 1312 2417; x_wconf 77' lang='lat' dir='ltr'>edictum</span> <span class='ocrx_word' id='word_1_143' title='bbox 1360 2354 1415 2417; x_wconf 85' lang='lat' dir='ltr'>Ait</span> <span class='ocrx_word' id='word_1_144' title='bbox 1441 2361 1579 2439; x_wconf 89' lang='lat' dir='ltr'>praetor:</span> 
     </span>
     <span class='ocr_line' id='line_1_19' title="bbox 471 2456 1579 2541; baseline -0.003 -20"><span class='ocrx_word' id='word_1_145' title='bbox 471 2456 602 2521; x_wconf 89' lang='lat' dir='ltr'>‘Nautae</span> <span class='ocrx_word' id='word_1_146' title='bbox 635 2478 787 2540; x_wconf 89' lang='lat' dir='ltr'>caupones</span> <span class='ocrx_word' id='word_1_147' title='bbox 814 2457 976 2520; x_wconf 90' lang='lat' dir='ltr'>stabularii</span> <span class='ocrx_word' id='word_1_148' title='bbox 1005 2457 1087 2540; x_wconf 91' lang='lat' dir='ltr'>quod</span> <span class='ocrx_word' id='word_1_149' title='bbox 1116 2457 1263 2541; x_wconf 88' lang='lat' dir='ltr'>cuiusque</span> <span class='ocrx_word' id='word_1_150' title='bbox 1291 2456 1413 2520; x_wconf 89' lang='lat' dir='ltr'>salvum</span> <span class='ocrx_word' id='word_1_151' title='bbox 1440 2457 1508 2521; x_wconf 89' lang='lat' dir='ltr'>fore</span> <span class='ocrx_word' id='word_1_152' title='bbox 1534 2477 1579 2519; x_wconf 93' lang='lat' dir='ltr'>re·</span> 
     </span>
     <span class='ocr_line' id='line_1_20' title="bbox 471 2558 1331 2645; baseline -0.001 -21"><span class='ocrx_word' id='word_1_153' title='bbox 471 2560 620 2645; x_wconf 89' lang='lat' dir='ltr'>‘ceperint</span> <span class='ocrx_word' id='word_1_154' title='bbox 642 2560 703 2624; x_wconf 91' lang='lat' dir='ltr'>nisi</span> <span class='ocrx_word' id='word_1_155' title='bbox 726 2561 903 2639; x_wconf 88' lang='lat' dir='ltr'>restituent,</span> <span class='ocrx_word' id='word_1_156' title='bbox 926 2561 958 2624; x_wconf 90' lang='lat' dir='ltr'>in</span> <span class='ocrx_word' id='word_1_157' title='bbox 982 2583 1033 2626; x_wconf 89' lang='lat' dir='ltr'>eos</span> <span class='ocrx_word' id='word_1_158' title='bbox 1055 2561 1208 2625; x_wconf 89' lang='lat' dir='ltr'>iudicium</span> <span class='ocrx_word' id='word_1_159' title='bbox 1230 2558 1331 2624; x_wconf 86' lang='lat' dir='ltr'>dabo’.</span> 
     </span>
    </p>
   </div>
   <div class='ocr_carea' id='block_1_7' title="bbox 362 2692 1029 2779">
    <p class='ocr_par' dir='ltr' id='par_1_7' title="bbox 362 2692 1029 2779">
     <span class='ocr_line' id='line_1_21' title="bbox 362 2692 1029 2779; baseline 0.001 -21"><span class='ocrx_word' id='word_1_160' title='bbox 362 2692 438 2759; x_wconf 78' lang='lat'><strong>335.</strong></span> <span class='ocrx_word' id='word_1_161' title='bbox 472 2694 497 2760; x_wconf 92' lang='lat' dir='ltr'>l.</span> <span class='ocrx_word' id='word_1_162' title='bbox 512 2693 598 2777; x_wconf 79' lang='grc'><strong>23,1</strong></span> <span class='ocrx_word' id='word_1_163' title='bbox 622 2696 703 2777; x_wconf 84' lang='lat' dir='ltr'>Dlg.</span> <span class='ocrx_word' id='word_1_164' title='bbox 726 2714 793 2779; x_wconf 91' lang='lat' dir='ltr'>pro</span> <span class='ocrx_word' id='word_1_165' title='bbox 815 2697 920 2763; x_wconf 86' lang='lat' dir='ltr'>socio</span> <span class='ocrx_word' id='word_1_166' title='bbox 935 2695 984 2779; x_wconf 76' lang='lat' dir='ltr'>lt,</span> <span class='ocrx_word' id='word_1_167' title='bbox 997 2699 1029 2760; x_wconf 83' lang='lat'>2.</span> 
     </span>
    </p>
   </div>
   <div class='ocr_carea' id='block_1_8' title="bbox 383 2815 1580 3831">
    <p class='ocr_par' dir='ltr' id='par_1_8' title="bbox 469 2815 1580 3522">
     <span class='ocr_line' id='line_1_22' title="bbox 520 2815 1580 2902; baseline -0.001 -24"><span class='ocrx_word' id='word_1_168' title='bbox 520 2815 677 2902; x_wconf 80' lang='lat' dir='ltr'>Ulpianus</span> <span class='ocrx_word' id='word_1_169' title='bbox 704 2815 781 2878; x_wconf 80' lang='lat' dir='ltr'>libro</span> <span class='ocrx_word' id='word_1_170' title='bbox 808 2819 964 2902; x_wconf 73' lang='lat' dir='ltr'>trtpesimo</span> <span class='ocrx_word' id='word_1_171' title='bbox 991 2817 1034 2879; x_wconf 88' lang='lat' dir='ltr'>od</span> <span class='ocrx_word' id='word_1_172' title='bbox 1059 2815 1214 2880; x_wconf 57' lang='lat' dir='ltr'>Somnum</span> <span class='ocrx_word' id='word_1_173' title='bbox 1261 2817 1350 2880; x_wconf 90' lang='lat' dir='ltr'>Idem</span> <span class='ocrx_word' id='word_1_174' title='bbox 1378 2817 1511 2899; x_wconf 89' lang='lat' dir='ltr'>quaerit,</span> <span class='ocrx_word' id='word_1_175' title='bbox 1542 2836 1580 2877; x_wconf 95' lang='lat' dir='ltr'>an</span> 
     </span>
     <span class='ocr_line' id='line_1_23' title="bbox 470 2919 1578 3004; baseline 0.003 -22"><span class='ocrx_word' id='word_1_176' title='bbox 470 2919 677 3000; x_wconf 90' lang='lat' dir='ltr'>commodum,</span> <span class='ocrx_word' id='word_1_177' title='bbox 713 2919 794 3002; x_wconf 89' lang='lat' dir='ltr'>quod</span> <span class='ocrx_word' id='word_1_178' title='bbox 823 2928 949 3004; x_wconf 88' lang='lat' dir='ltr'>propter</span> <span class='ocrx_word' id='word_1_179' title='bbox 975 2919 1146 2983; x_wconf 88' lang='lat' dir='ltr'>admissum</span> <span class='ocrx_word' id='word_1_180' title='bbox 1173 2919 1292 2984; x_wconf 90' lang='lat' dir='ltr'>socium</span> <span class='ocrx_word' id='word_1_181' title='bbox 1322 2921 1459 3002; x_wconf 87' lang='lat' dir='ltr'>accessit,</span> <span class='ocrx_word' id='word_1_182' title='bbox 1497 2942 1578 2985; x_wconf 90' lang='lat' dir='ltr'>com·</span> 
     </span>
     <span class='ocr_line' id='line_1_24' title="bbox 470 3021 1579 3108; baseline 0.001 -24"><span class='ocrx_word' id='word_1_183' title='bbox 470 3021 592 3106; x_wconf 90' lang='lat' dir='ltr'>pensari</span> <span class='ocrx_word' id='word_1_184' title='bbox 627 3043 698 3085; x_wconf 90' lang='lat' dir='ltr'>cum</span> <span class='ocrx_word' id='word_1_185' title='bbox 732 3021 856 3104; x_wconf 90' lang='lat' dir='ltr'>damno,</span> <span class='ocrx_word' id='word_1_186' title='bbox 892 3023 975 3106; x_wconf 92' lang='lat' dir='ltr'>quod</span> <span class='ocrx_word' id='word_1_187' title='bbox 1009 3022 1100 3108; x_wconf 90' lang='lat' dir='ltr'>culpa</span> <span class='ocrx_word' id='word_1_188' title='bbox 1134 3023 1286 3106; x_wconf 91' lang='lat' dir='ltr'>praebuit,</span> <span class='ocrx_word' id='word_1_189' title='bbox 1321 3023 1442 3097; x_wconf 90' lang='lat' dir='ltr'>debeat,</span> <span class='ocrx_word' id='word_1_190' title='bbox 1479 3033 1510 3088; x_wconf 89' lang='lat' dir='ltr'>et</span> <span class='ocrx_word' id='word_1_191' title='bbox 1537 3023 1579 3087; x_wconf 91' lang='lat' dir='ltr'>ait</span> 
     </span>
     <span class='ocr_line' id='line_1_25' title="bbox 469 3124 1577 3208; baseline 0 -20"><span class='ocrx_word' id='word_1_192' title='bbox 469 3124 744 3208; x_wconf 88' lang='lat' dir='ltr'>compensandum.</span> <span class='ocrx_word' id='word_1_193' title='bbox 783 3126 866 3208; x_wconf 91' lang='lat' dir='ltr'>quod</span> <span class='ocrx_word' id='word_1_194' title='bbox 889 3147 950 3190; x_wconf 93' lang='lat' dir='ltr'>non</span> <span class='ocrx_word' id='word_1_195' title='bbox 974 3134 1021 3189; x_wconf 89' lang='lat' dir='ltr'>est</span> <span class='ocrx_word' id='word_1_196' title='bbox 1042 3147 1161 3206; x_wconf 92' lang='lat' dir='ltr'>verum,</span> <span class='ocrx_word' id='word_1_197' title='bbox 1185 3148 1258 3189; x_wconf 92' lang='lat' dir='ltr'>nam</span> <span class='ocrx_word' id='word_1_198' title='bbox 1275 3133 1304 3190; x_wconf 89' lang='lat' dir='ltr'>et</span> <span class='ocrx_word' id='word_1_199' title='bbox 1320 3127 1487 3192; x_wconf 86' lang='lat' dir='ltr'>Marcellus</span> <span class='ocrx_word' id='word_1_200' title='bbox 1502 3127 1577 3190; x_wconf 93' lang='lat' dir='ltr'>libro</span> 
     </span>
     <span class='ocr_line' id='line_1_26' title="bbox 469 3228 1576 3312; baseline 0 -20"><span class='ocrx_word' id='word_1_201' title='bbox 469 3237 557 3293; x_wconf 88' lang='lat' dir='ltr'>sexto</span> <span class='ocrx_word' id='word_1_202' title='bbox 586 3228 775 3312; x_wconf 89' lang='lat' dir='ltr'>digestorum</span> <span class='ocrx_word' id='word_1_203' title='bbox 803 3230 920 3310; x_wconf 89' lang='lat' dir='ltr'>scribit,</span> <span class='ocrx_word' id='word_1_204' title='bbox 949 3231 975 3292; x_wconf 91' lang='lat' dir='ltr'>si</span> <span class='ocrx_word' id='word_1_205' title='bbox 1002 3250 1109 3293; x_wconf 91' lang='lat' dir='ltr'>servus</span> <span class='ocrx_word' id='word_1_206' title='bbox 1136 3230 1229 3294; x_wconf 90' lang='lat' dir='ltr'>unius</span> <span class='ocrx_word' id='word_1_207' title='bbox 1256 3251 1295 3294; x_wconf 85' lang='lat' dir='ltr'>ex</span> <span class='ocrx_word' id='word_1_208' title='bbox 1324 3231 1415 3294; x_wconf 90' lang='lat' dir='ltr'>sociis</span> <span class='ocrx_word' id='word_1_209' title='bbox 1438 3231 1576 3295; x_wconf 85' lang='lat' dir='ltr'>societati</span> 
     </span>
     <span class='ocr_line' id='line_1_27' title="bbox 469 3332 1576 3418; baseline 0.001 -22"><span class='ocrx_word' id='word_1_210' title='bbox 469 3355 487 3396; x_wconf 93' lang='lat' dir='ltr'>a</span> <span class='ocrx_word' id='word_1_211' title='bbox 511 3332 636 3397; x_wconf 93' lang='lat' dir='ltr'>domino</span> <span class='ocrx_word' id='word_1_212' title='bbox 665 3333 860 3418; x_wconf 90' lang='lat' dir='ltr'>praepositus</span> <span class='ocrx_word' id='word_1_213' title='bbox 883 3333 1080 3416; x_wconf 89' lang='lat' dir='ltr'>neglegenter</span> <span class='ocrx_word' id='word_1_214' title='bbox 1102 3341 1243 3398; x_wconf 89' lang='lat' dir='ltr'>versatus</span> <span class='ocrx_word' id='word_1_215' title='bbox 1266 3334 1317 3416; x_wconf 92' lang='lat' dir='ltr'>sit,</span> <span class='ocrx_word' id='word_1_216' title='bbox 1346 3334 1509 3399; x_wconf 91' lang='lat' dir='ltr'>dominum</span> <span class='ocrx_word' id='word_1_217' title='bbox 1532 3355 1576 3398; x_wconf 91' lang='lat' dir='ltr'>so-</span> 
     </span>
     <span class='ocr_line' id='line_1_28' title="bbox 469 3435 1575 3522; baseline 0.004 -24"><span class='ocrx_word' id='word_1_218' title='bbox 469 3435 574 3499; x_wconf 90' lang='lat' dir='ltr'>cietati</span> <span class='ocrx_word' id='word_1_219' title='bbox 591 3436 645 3519; x_wconf 91' lang='lat' dir='ltr'>qui</span> <span class='ocrx_word' id='word_1_220' title='bbox 662 3437 876 3522; x_wconf 88' lang='lat' dir='ltr'>praeposuerit</span> <span class='ocrx_word' id='word_1_221' title='bbox 893 3444 1121 3521; x_wconf 90' lang='lat' dir='ltr'>praestaturum</span> <span class='ocrx_word' id='word_1_222' title='bbox 1138 3459 1195 3500; x_wconf 90' lang='lat' dir='ltr'>neo</span> <span class='ocrx_word' id='word_1_223' title='bbox 1212 3438 1478 3522; x_wconf 86' lang='lat' dir='ltr'>compensandum</span> <span class='ocrx_word' id='word_1_224' title='bbox 1495 3459 1575 3502; x_wconf 90' lang='lat' dir='ltr'>corn-</span> 
     </span>
    </p>

    <p class='ocr_par' dir='ltr' id='par_1_9' title="bbox 383 3538 1576 3831">
     <span class='ocr_line' id='line_1_29' title="bbox 383 3538 1576 3623; baseline 0.001 -22"><span class='ocrx_word' id='word_1_225' title='bbox 383 3547 384 3552; x_wconf 76' lang='grc'>’</span> <span class='ocrx_word' id='word_1_226' title='bbox 467 3538 606 3617; x_wconf 90' lang='lat' dir='ltr'>modum,</span> <span class='ocrx_word' id='word_1_227' title='bbox 631 3538 713 3622; x_wconf 90' lang='lat' dir='ltr'>quod</span> <span class='ocrx_word' id='word_1_228' title='bbox 737 3561 791 3623; x_wconf 91' lang='lat' dir='ltr'>per</span> <span class='ocrx_word' id='word_1_229' title='bbox 813 3560 937 3603; x_wconf 89' lang='lat' dir='ltr'>servum</span> <span class='ocrx_word' id='word_1_230' title='bbox 960 3539 1102 3603; x_wconf 81' lang='lat' dir='ltr'>societati</span> <span class='ocrx_word' id='word_1_231' title='bbox 1126 3541 1264 3622; x_wconf 87' lang='lat' dir='ltr'>accessit,</span> <span class='ocrx_word' id='word_1_232' title='bbox 1295 3562 1366 3604; x_wconf 89' lang='lat' dir='ltr'>cum</span> <span class='ocrx_word' id='word_1_233' title='bbox 1389 3540 1520 3604; x_wconf 89' lang='lat' dir='ltr'>damno:</span> <span class='ocrx_word' id='word_1_234' title='bbox 1547 3547 1576 3603; x_wconf 89' lang='lat' dir='ltr'>et</span> 
     </span>
     <span class='ocr_line' id='line_1_30' title="bbox 468 3640 1575 3726; baseline 0.002 -23"><span class='ocrx_word' id='word_1_235' title='bbox 468 3641 513 3704; x_wconf 92' lang='lat' dir='ltr'>ita</span> <span class='ocrx_word' id='word_1_236' title='bbox 536 3640 645 3705; x_wconf 90' lang='lat' dir='ltr'>divum</span> <span class='ocrx_word' id='word_1_237' title='bbox 662 3642 798 3705; x_wconf 90' lang='lat' dir='ltr'>Marcum</span> <span class='ocrx_word' id='word_1_238' title='bbox 817 3642 1046 3725; x_wconf 89' lang='lat' dir='ltr'>pronuntiasse,</span> <span class='ocrx_word' id='word_1_239' title='bbox 1069 3664 1126 3706; x_wconf 90' lang='lat' dir='ltr'>neo</span> <span class='ocrx_word' id='word_1_240' title='bbox 1143 3663 1230 3726; x_wconf 88' lang='lat' dir='ltr'>posse</span> <span class='ocrx_word' id='word_1_241' title='bbox 1246 3643 1307 3707; x_wconf 89' lang='lat' dir='ltr'>dici</span> <span class='ocrx_word' id='word_1_242' title='bbox 1323 3643 1421 3707; x_wconf 88' lang='lat' dir='ltr'>socio:</span> <span class='ocrx_word' id='word_1_243' title='bbox 1445 3643 1575 3707; x_wconf 88' lang='lat' dir='ltr'>‘abstine</span> 
     </span>
     <span class='ocr_line' id='line_1_31' title="bbox 469 3744 1491 3831; baseline 0.003 -24"><span class='ocrx_word' id='word_1_244' title='bbox 469 3744 650 3826; x_wconf 70' lang='lat' dir='ltr'>‘commoda</span> <span class='ocrx_word' id='word_1_245' title='bbox 674 3745 757 3827; x_wconf 92' lang='lat' dir='ltr'>quod</span> <span class='ocrx_word' id='word_1_246' title='bbox 780 3767 834 3830; x_wconf 88' lang='lat' dir='ltr'>per</span> <span class='ocrx_word' id='word_1_247' title='bbox 856 3767 981 3810; x_wconf 88' lang='lat' dir='ltr'>servum</span> <span class='ocrx_word' id='word_1_248' title='bbox 1004 3747 1143 3828; x_wconf 88' lang='lat' dir='ltr'>accessit,</span> <span class='ocrx_word' id='word_1_249' title='bbox 1168 3747 1195 3809; x_wconf 91' lang='lat' dir='ltr'>si</span> <span class='ocrx_word' id='word_1_250' title='bbox 1218 3747 1368 3811; x_wconf 91' lang='lat' dir='ltr'>damnum</span> <span class='ocrx_word' id='word_1_251' title='bbox 1391 3745 1491 3831; x_wconf 86' lang='lat' dir='ltr'>petis’.</span> 
     </span>
    </p>
   </div>
   <div class='ocr_carea' id='block_1_9' title="bbox 359 3887 1573 4613">
    <p class='ocr_par' dir='ltr' id='par_1_10' title="bbox 359 3887 963 3973">
     <span class='ocr_line' id='line_1_32' title="bbox 359 3887 963 3973; baseline 0.003 -20"><span class='ocrx_word' id='word_1_252' title='bbox 359 3887 438 3955; x_wconf 84' lang='grc'><strong>336.</strong></span> <span class='ocrx_word' id='word_1_253' title='bbox 465 3889 547 3954; x_wconf 86' lang='lat' dir='ltr'>l.10</span> <span class='ocrx_word' id='word_1_254' title='bbox 570 3891 650 3972; x_wconf 79' lang='lat' dir='ltr'>lug.</span> <span class='ocrx_word' id='word_1_255' title='bbox 673 3910 754 3973; x_wconf 82' lang='lat' dir='ltr'>neg.</span> <span class='ocrx_word' id='word_1_256' title='bbox 777 3895 868 3973; x_wconf 82' lang='lat' dir='ltr'>gest.</span> <span class='ocrx_word' id='word_1_257' title='bbox 886 3891 919 3973; x_wconf 85' lang='grc'>3,</span> <span class='ocrx_word' id='word_1_258' title='bbox 932 3891 963 3956; x_wconf 80' lang='lat'>5.</span> 
     </span>
    </p>

    <p class='ocr_par' dir='ltr' id='par_1_11' title="bbox 465 4009 1573 4613">
     <span class='ocr_line' id='line_1_33' title="bbox 509 4009 1573 4096; baseline 0.003 -24"><span class='ocrx_word' id='word_1_259' title='bbox 509 4009 701 4096; x_wconf 80' lang='lat' dir='ltr'>Pomponius</span> <span class='ocrx_word' id='word_1_260' title='bbox 722 4011 800 4074; x_wconf 79' lang='lat' dir='ltr'>libro</span> <span class='ocrx_word' id='word_1_261' title='bbox 821 4013 983 4074; x_wconf 68' lang='lat' dir='ltr'>vicesimo</span> <span class='ocrx_word' id='word_1_262' title='bbox 1003 4013 1105 4095; x_wconf 82' lang='lat' dir='ltr'>primo</span> <span class='ocrx_word' id='word_1_263' title='bbox 1128 4013 1171 4074; x_wconf 85' lang='lat' dir='ltr'>ad</span> <span class='ocrx_word' id='word_1_264' title='bbox 1195 4009 1348 4089; x_wconf 75' lang='lat' dir='ltr'>Quintum</span> <span class='ocrx_word' id='word_1_265' title='bbox 1371 4011 1511 4077; x_wconf 79' lang='lat' dir='ltr'>Mucium</span> <span class='ocrx_word' id='word_1_266' title='bbox 1542 4011 1573 4076; x_wconf 90' lang='lat' dir='ltr'>Si</span> 
     </span>
     <span class='ocr_line' id='line_1_34' title="bbox 466 4114 1572 4201; baseline 0.002 -25"><span class='ocrx_word' id='word_1_267' title='bbox 466 4114 590 4196; x_wconf 88' lang='lat' dir='ltr'>negotia</span> <span class='ocrx_word' id='word_1_268' title='bbox 612 4115 748 4179; x_wconf 89' lang='lat' dir='ltr'>absentis</span> <span class='ocrx_word' id='word_1_269' title='bbox 771 4123 802 4179; x_wconf 92' lang='lat' dir='ltr'>et</span> <span class='ocrx_word' id='word_1_270' title='bbox 825 4115 995 4199; x_wconf 86' lang='lat' dir='ltr'>ignorantis</span> <span class='ocrx_word' id='word_1_271' title='bbox 1012 4137 1107 4198; x_wconf 89' lang='lat' dir='ltr'>geras,</span> <span class='ocrx_word' id='word_1_272' title='bbox 1132 4124 1162 4179; x_wconf 91' lang='lat' dir='ltr'>et</span> <span class='ocrx_word' id='word_1_273' title='bbox 1178 4116 1301 4200; x_wconf 91' lang='lat' dir='ltr'>culpam</span> <span class='ocrx_word' id='word_1_274' title='bbox 1318 4122 1349 4179; x_wconf 89' lang='lat' dir='ltr'>et</span> <span class='ocrx_word' id='word_1_275' title='bbox 1365 4116 1470 4181; x_wconf 92' lang='lat' dir='ltr'>dolum</span> <span class='ocrx_word' id='word_1_276' title='bbox 1487 4136 1572 4201; x_wconf 89' lang='lat' dir='ltr'>prae-</span> 
     </span>
     <span class='ocr_line' id='line_1_35' title="bbox 466 4217 1572 4305; baseline 0 -25"><span class='ocrx_word' id='word_1_277' title='bbox 466 4225 549 4280; x_wconf 90' lang='lat' dir='ltr'>stare</span> <span class='ocrx_word' id='word_1_278' title='bbox 576 4217 678 4281; x_wconf 87' lang='lat' dir='ltr'>debes.</span> <span class='ocrx_word' id='word_1_279' title='bbox 723 4218 775 4281; x_wconf 89' lang='lat' dir='ltr'>sed</span> <span class='ocrx_word' id='word_1_280' title='bbox 800 4220 948 4283; x_wconf 87' lang='lat' dir='ltr'>Proculus</span> <span class='ocrx_word' id='word_1_281' title='bbox 975 4219 1132 4282; x_wconf 89' lang='lat' dir='ltr'>interdum</span> <span class='ocrx_word' id='word_1_282' title='bbox 1162 4219 1256 4284; x_wconf 88' lang='lat' dir='ltr'>etiam</span> <span class='ocrx_word' id='word_1_283' title='bbox 1286 4240 1392 4284; x_wconf 87' lang='lat' dir='ltr'>casum</span> <span class='ocrx_word' id='word_1_284' title='bbox 1418 4226 1572 4305; x_wconf 88' lang='lat' dir='ltr'>praestare</span> 
     </span>
     <span class='ocr_line' id='line_1_36' title="bbox 467 4319 1571 4406; baseline -0.001 -22"><span class='ocrx_word' id='word_1_285' title='bbox 467 4319 588 4400; x_wconf 89' lang='lat' dir='ltr'>debere,</span> <span class='ocrx_word' id='word_1_286' title='bbox 612 4322 710 4385; x_wconf 90' lang='lat' dir='ltr'>veluti</span> <span class='ocrx_word' id='word_1_287' title='bbox 733 4322 760 4384; x_wconf 87' lang='lat' dir='ltr'>si</span> <span class='ocrx_word' id='word_1_288' title='bbox 775 4343 891 4386; x_wconf 89' lang='lat' dir='ltr'>novum</span> <span class='ocrx_word' id='word_1_289' title='bbox 911 4323 1080 4405; x_wconf 89' lang='lat' dir='ltr'>negotium,</span> <span class='ocrx_word' id='word_1_290' title='bbox 1105 4323 1186 4406; x_wconf 94' lang='lat' dir='ltr'>quod</span> <span class='ocrx_word' id='word_1_291' title='bbox 1204 4345 1266 4388; x_wconf 92' lang='lat' dir='ltr'>non</span> <span class='ocrx_word' id='word_1_292' title='bbox 1282 4324 1323 4388; x_wconf 87' lang='lat' dir='ltr'>sit</span> <span class='ocrx_word' id='word_1_293' title='bbox 1338 4323 1449 4387; x_wconf 87' lang='lat' dir='ltr'>solitus</span> <span class='ocrx_word' id='word_1_294' title='bbox 1459 4323 1571 4386; x_wconf 62' lang='lat' dir='ltr'>‚absens</span> 
     </span>
     <span class='ocr_line' id='line_1_37' title="bbox 465 4423 1570 4509; baseline -0.001 -23"><span class='ocrx_word' id='word_1_295' title='bbox 465 4423 576 4504; x_wconf 85' lang='lat' dir='ltr'>faeere,</span> <span class='ocrx_word' id='word_1_296' title='bbox 599 4432 635 4488; x_wconf 93' lang='lat' dir='ltr'>tu</span> <span class='ocrx_word' id='word_1_297' title='bbox 650 4424 776 4489; x_wconf 92' lang='lat' dir='ltr'>nomine</span> <span class='ocrx_word' id='word_1_298' title='bbox 792 4426 859 4489; x_wconf 89' lang='lat' dir='ltr'>eius</span> <span class='ocrx_word' id='word_1_299' title='bbox 875 4447 975 4509; x_wconf 87' lang='lat' dir='ltr'>geras:</span> <span class='ocrx_word' id='word_1_300' title='bbox 999 4426 1097 4489; x_wconf 90' lang='lat' dir='ltr'>veluti</span> <span class='ocrx_word' id='word_1_301' title='bbox 1112 4427 1237 4490; x_wconf 89' lang='lat' dir='ltr'>venales</span> <span class='ocrx_word' id='word_1_302' title='bbox 1253 4427 1391 4492; x_wconf 87' lang='lat' dir='ltr'>novicios</span> <span class='ocrx_word' id='word_1_303' title='bbox 1405 4423 1570 4504; x_wconf 77' lang='lat' dir='ltr'>¹coemendo</span> 
     </span>
     <span class='ocr_line' id='line_1_38' title="bbox 465 4527 1567 4613; baseline 0 -23"><span class='ocrx_word' id='word_1_304' title='bbox 465 4527 516 4590; x_wconf 89' lang='lat' dir='ltr'>vel</span> <span class='ocrx_word' id='word_1_305' title='bbox 543 4527 681 4610; x_wconf 91' lang='lat' dir='ltr'>aliquam</span> <span class='ocrx_word' id='word_1_306' title='bbox 709 4530 952 4612; x_wconf 88' lang='lat' dir='ltr'>negotiationem</span> <span class='ocrx_word' id='word_1_307' title='bbox 979 4529 1125 4592; x_wconf 89' lang='lat' dir='ltr'>ineundo.</span> <span class='ocrx_word' id='word_1_308' title='bbox 1171 4550 1243 4593; x_wconf 89' lang='lat' dir='ltr'>nam</span> <span class='ocrx_word' id='word_1_309' title='bbox 1272 4530 1299 4594; x_wconf 91' lang='lat' dir='ltr'>si</span> <span class='ocrx_word' id='word_1_310' title='bbox 1327 4529 1402 4613; x_wconf 91' lang='lat' dir='ltr'>quid</span> <span class='ocrx_word' id='word_1_311' title='bbox 1425 4529 1567 4592; x_wconf 92' lang='lat' dir='ltr'>damnum</span> 
     </span>
    </p>
   </div>
   <div class='ocr_carea' id='block_1_10' title="bbox 0 0 1726 5412">
    <p class='ocr_par' dir='ltr' id='par_1_12' title="bbox 0 0 1726 5412">
     <span class='ocr_line' id='line_1_39' title="bbox 0 0 1726 5412; baseline 0 4"><span class='ocrx_word' id='word_1_312' title='bbox 0 0 1726 5412; x_wconf 95' lang='lat' dir='ltr'> </span> 
     </span>
    </p>
   </div>
  </div>
 </body>
</html>
