3442 5412
667 428 880 494 ,89-

176 653 178 658 s
272 598 322 661 vel
337 605 433 664 testes
449 599 668 665 adhibuissem.
700 601 845 685 idemque
861 609 917 683 est,
942 602 969 666 si
985 603 1024 666 ad
1039 602 1231 667 fulciendam
1245 602 1383 667 insulam

272 701 358 784 tigna
380 704 593 784 commodasti,
617 705 729 768 deinde
751 705 944 789 protraxisti,
968 713 1023 770 aut
1039 706 1135 770 etiam
1153 707 1254 771 sciens
1269 706 1382 772 vitiosa

273 805 530 871 commodaveris:
544 807 687 872 adiuvari
698 807 814 893 quippe
825 829 893 888 nos,
903 830 965 873 non
978 809 1080 894 decipi
1094 810 1240 874 beneficio
1252 816 1381 893 oportet.

273 930 312 972 ex
336 909 449 994 quibus
473 911 574 974 causis
595 911 691 975 etiam
711 911 901 976 contrarium
921 912 1073 977 iudicium
1093 913 1170 978 utile
1191 933 1257 976 esse
1277 912 1381 976 dicen-

273 1011 349 1074 dum
371 1019 428 1076 est.

164 1149 247 1214 399.
273 1148 332 1216 l.l
353 1169 408 1234 pr.
433 1150 513 1234 llig.
537 1153 580 1220 de
602 1155 765 1237 precario
781 1153 837 1236 43,
849 1154 904 1220 96.

171 1329 173 1338 ,
259 1328 261 1332 .
320 1267 476 1356 Ulpianus
503 1272 580 1337 libro
602 1278 709 1360 primo
736 1276 966 1338 masticationem
1009 1276 1189 1340 Preoarium
1216 1282 1271 1355 est,
1299 1275 1383 1360 quod

272 1375 414 1458 precibus
436 1377 556 1462 petenti
578 1377 729 1442 utendum
753 1377 931 1443 conceditur
953 1378 1086 1459 tamdiu,
1109 1378 1259 1463 quamdiu
1281 1379 1382 1464 isqui

273 1478 425 1543 concessit
447 1481 575 1563 patitur.

163 1607 238 1677 391.
272 1611 330 1678 1.l
351 1632 405 1697 pr.
429 1607 519 1697 llig.¹
533 1615 685 1698 depositi
700 1614 754 1698 16,
766 1617 797 1681 3.

321 1731 476 1818 Ulpianus
498 1735 575 1798 libro
598 1738 774 1820 triparsinro
796 1737 840 1799 ad
860 1737 989 1800 edmturn
1025 1736 1210 1821 Depositum
1227 1744 1283 1816 est,
1300 1736 1382 1821 quod

273 1837 509 1901 custodiendum
537 1839 631 1903 alicui
656 1839 764 1904 datum
788 1848 843 1923 est,
873 1839 992 1904 dictum
1015 1861 1053 1904 ex
1076 1861 1110 1903 eo
1135 1839 1217 1922 quod
1240 1839 1381 1923 ponitur:

271 1941 458 2024 praepositio
479 1941 561 2006 enim
583 1942 620 2006 de
641 1950 732 2024 auget
755 1943 940 2028 dopositum,
964 1951 1000 2006 ut
1023 1942 1167 2007 ostendat
1188 1949 1290 2006 totum
1310 1941 1382 2006 fidei

270 2039 337 2106 eius
361 2043 582 2124 commissum,
597 2044 680 2128 quod
703 2047 743 2110 ad
767 2045 939 2109 custodiam
962 2044 1007 2110 rei
1029 2046 1173 2130 pertinet.

163 2187 242 2257 392.
273 2190 297 2255 l.
314 2189 397 2273 25,l
420 2190 500 2274 lug.
524 2191 677 2275 depositi
692 2192 743 2274 le,
756 2194 787 2258 3.

314 2310 516 2396 Papinianus
542 2312 619 2376 libro
646 2316 734 2379 tertio
760 2298 973 2398 responsorum
1020 2314 1079 2391 Qui
1106 2313 1272 2400 pecuniam
1298 2313 1382 2399 apud

271 2435 304 2478 se
324 2436 387 2479 non
408 2415 613 2498 obsignatam,
635 2424 670 2480 ut
686 2417 872 2480 tantundem
887 2416 1039 2497 redderet,
1064 2417 1236 2503 depositam
1251 2417 1292 2480 ad
1307 2437 1382 2482 usus

271 2519 411 2603 proprios
433 2518 594 2597 convertit,
617 2527 687 2604 post
706 2541 826 2583 moram
842 2521 875 2584 in
890 2541 1001 2584 usuras
1017 2542 1140 2605 quoque
1156 2519 1271 2584 iudicio
1287 2521 1381 2604 depo-

272 2621 326 2684 siti
349 2621 602 2686 ocndemnandus
626 2630 682 2687 001.

162 2759 242 2824 393.
274 2779 327 2842 pr.
350 2761 440 2826 Inst.
465 2761 507 2828 de
529 2762 637 2845 empt.
660 2763 697 2829 01
718 2761 819 2829 vend.
835 2761 868 2842 3,
880 2762 932 2826 23.

314 2881 438 2967 Emptio
462 2890 501 2962 et¹
515 2883 654 2948 venditio
679 2883 880 2965 contrahitur,
909 2883 1099 2967 simulatque
1123 2883 1160 2948 de
1184 2882 1283 2968 pretio
1307 2905 1380 2948 con-

271 2985 402 3068 venerit,
426 2985 570 3069 quamvis
593 2986 733 3050 nondum
755 2986 892 3071 pretium
916 2994 1115 3051 numeratum
1135 2986 1176 3050 sit
1196 3009 1232 3051 ac
1253 3008 1293 3051 ne
1313 3009 1383 3051 arra

273 3088 400 3172 quidem
429 3089 503 3152 data
530 3089 632 3154 fuerit.
678 3111 751 3153 nam
780 3089 862 3172 quod
890 3111 977 3154 01100
1004 3090 1130 3154 nomine
1154 3090 1255 3171 datur,
1292 3112 1382 3174 argu·

271 3199 412 3256 mentum
441 3200 489 3256 001
515 3194 681 3278 emptionis
709 3201 740 3257 et
767 3193 957 3258 venditionis
987 3199 1172 3258 contractae.
1219 3194 1274 3258 sed
1306 3194 1383 3257 haec

272 3293 398 3377 quidem
422 3295 459 3358 de
483 3295 693 3379 emptionibus
718 3303 749 3360 01
770 3295 1014 3378 venditionibus,
1039 3317 1117 3380 quae
1141 3296 1207 3360 sinc
1229 3296 1383 3380 scriptura

272 3398 455 3478 consistunt,
479 3399 618 3486 optinere
641 3406 778 3483 oportet:
803 3421 875 3463 nam
900 3399 1021 3463 nihile
1039 3397 1128 3462 nobis
1151 3399 1184 3462 in
1203 3397 1384 3463 huiusmodi

271 3501 505 3565 venditionibus
535 3500 721 3567 innovatum
755 3509 811 3567 est.
856 3503 890 3565 in
917 3502 964 3566 his
992 3512 1096 3566 autem
1125 3523 1203 3586 quae
1230 3501 1383 3586 scriptura

272 3603 479 3667 conficiuntur
504 3626 567 3668 non
595 3605 687 3670 aliter
713 3605 883 3689 perlectam
911 3626 976 3669 0000
1003 3606 1193 3690 emptionem
1221 3612 1251 3669 et
1276 3603 1383 3668 vendi-

272 3707 389 3771 tionem
418 3707 648 3790 constituimus,
682 3709 742 3773 nisi
770 3715 801 3772 et
826 3708 1036 3772 instrumenta
1070 3707 1236 3792 emptionis
1268 3706 1385 3770 fuerint

273 3809 448 3896 conscripta
463 3811 513 3874 vel
528 3833 624 3875 manu
640 3810 766 3897 propria
783 3811 1042 3890 contrahentium,
1058 3811 1109 3875 vel
1125 3812 1163 3875 ab
1182 3810 1242 3873 alio
1258 3808 1384 3892 quidem

272 3913 397 3996 scripta,
422 3937 440 3978 0
459 3915 662 3979 00011010110
683 3922 788 3979 autern
808 3913 984 3998 subscripta
1004 3922 1044 3994 et,
1065 3914 1092 3976 si
1111 3935 1167 3998 per
1182 3912 1384 3976 tabellionem

272 4014 362 4096 fiunt,
382 4015 443 4079 nisi
464 4024 495 4080 et
515 4017 736 4101 completiones
757 4017 932 4100 acceperint
952 4022 983 4079 et
1003 4016 1118 4079 luerint
1137 4014 1279 4100 partibus
1295 4015 1383 4078 abso·

272 4117 348 4183 luta.
394 4119 493 4182 donec
515 4120 599 4184 enim
622 4119 742 4203 aliquid
766 4141 803 4183 ex
825 4119 874 4182 his
898 4119 992 4197 deest,
1017 4125 1047 4182 ct
1067 4117 1277 4202 poenitentiae
1297 4117 1384 4180 locus

274 4227 320 4284 est
347 4228 379 4284 et
405 4228 507 4306 potest
535 4229 655 4307 emptor
682 4223 733 4286 vel
759 4221 905 4287 venditor
938 4221 1006 4284 sine
1039 4241 1139 4304 poena
1171 4219 1311 4284 recodere
1344 4219 1383 4282 ab

273 4324 440 4408 emptione.
485 4325 531 4388 ita
557 4333 662 4389 tamen
690 4326 819 4408 impune
848 4324 990 4388 recedere
1017 4324 1061 4388 eis
1089 4323 1295 4401 concedimus,
1323 4320 1385 4386 nisi

272 4426 336 4490 iam
360 4448 501 4491 arrarum
528 4429 653 4492 nomine
679 4428 798 4512 aliquid
821 4428 915 4492 fuerit
939 4428 1062 4490 datum:
1090 4427 1148 4490 hoc
1171 4425 1287 4490 etenim
1310 4424 1383 4488 sub-

273 4537 389 4610 secuto,
422 4531 488 4595 sive
514 4531 549 4596 in
576 4531 698 4616 scriptis
728 4531 794 4595 sive
820 4531 887 4594 sine
913 4529 1037 4614 scriptis
1064 4527 1202 4594 venditio
1232 4528 1386 4592 celebrata
