3442 5412
862 465 907 478 ...
952 434 994 497 54
1037 465 1079 478 ..

370 602 446 669 243.
468 602 493 669 l.
510 602 574 685 s,1
596 603 677 685 Dig.
700 602 743 668 de
765 602 844 684 adq.
866 603 923 669 vel
945 603 1060 669 amitt.
1082 618 1177 686 poss.
1199 601 1250 684 41,
1262 604 1293 669 2.

518 721 671 810 Ulpianus
695 723 772 787 libro
793 725 1034 807 septitapensino
1057 724 1101 786 ad
1119 725 1251 787 edictum
1284 723 1344 800 Qui
1366 723 1406 788 ad
1421 725 1582 790 nundinas

467 829 623 914 profectus
649 827 809 893 neminem
835 827 997 910 reliquerit
1024 835 1064 906 et,
1093 826 1169 891 dnm
1195 827 1249 892 ille
1276 850 1295 890 a
1316 826 1465 892 nundinis
1487 829 1581 911 redit,

468 930 583 1015 aliquis
610 930 808 1015 occupaverit
835 931 1069 1016 possessionem,
1096 930 1196 995 videri
1223 952 1294 996 eum
1318 931 1398 995 olam
1422 933 1583 1017 possidere

467 1035 568 1098 Labeo
592 1035 714 1099 scribit:
743 1034 858 1100 retinet
880 1056 950 1118 ergo
973 1035 1197 1120 possessionem
1220 1035 1256 1115 is,
1284 1036 1337 1119 qui
1361 1035 1400 1098 ad
1423 1035 1583 1100 nundinas

468 1137 559 1203 abiit:
583 1159 691 1202 verum
714 1139 741 1202 si
763 1146 969 1202 revertentem
985 1138 1146 1202 dominum
1162 1161 1225 1203 non
1241 1138 1410 1218 admiserit,
1433 1139 1466 1201 vi
1481 1139 1583 1222 magis

466 1241 606 1324 intellegi
628 1241 794 1327 possidere,
818 1264 880 1306 non
903 1242 994 1306 clam.

370 1403 445 1470 244.
468 1405 697 1488 l.18,31)ig.
721 1406 763 1472 de
786 1406 863 1487 adq.
886 1406 942 1472 vel
964 1405 1076 1472 amitt
1099 1422 1194 1489 poss.
1217 1405 1268 1486 41,
1280 1409 1311 1472 2.

512 1525 614 1591 Celsae
645 1527 722 1590 libro
748 1529 909 1591 anensimo
936 1529 1023 1590 lertio
1050 1528 1236 1612 dt'pestoinnv
1283 1527 1327 1609 Si,
1355 1528 1431 1592 dum
1456 1529 1490 1592 in
1517 1530 1582 1592 alia

466 1639 553 1716 parte
576 1631 666 1695 fundi
687 1652 768 1712 sum,
792 1631 871 1695 alius
894 1630 964 1716 quis
987 1631 1066 1695 olam
1085 1631 1190 1696 animo
1205 1632 1388 1715 possessoris
1404 1632 1581 1714 intraverit,

466 1755 529 1798 non
549 1735 665 1799 desisse
680 1734 752 1799 ilico
768 1735 926 1820 possidere
941 1734 1169 1799 existimandus
1184 1755 1264 1814 sum,
1287 1735 1378 1799 facile
1395 1736 1583 1820 expulsurus

467 1838 591 1920 finibus,
615 1838 709 1902 simul
732 1837 840 1902 sciero.

369 2001 445 2066 aas.
467 2001 492 2068 1.
516 2002 624 2085 aepr.
647 2002 728 2084 mg.
752 2002 796 2070 oo
818 2002 895 2084 uoq.
918 2001 975 2070 ver
997 2002 1111 2068 amitt
1133 2019 1227 2086 poss.
1249 2001 1300 2082 41,
1312 2005 1343 2068 a.
1418 2049 1420 2053 ,

510 2123 672 2187 Iauolenus
703 2122 780 2186 libro
805 2126 909 2208 prino
935 2124 1140 2206 epbtalarant
1183 2123 1262 2188 Cum
1286 2123 1415 2190 heredes
1441 2122 1582 2188 instituti

466 2247 584 2307 sumus,
607 2227 694 2291 edita
715 2227 889 2292 hereditate
912 2227 1017 2292 omnia
1039 2227 1167 2312 quidem
1189 2227 1259 2291 iura
1278 2227 1317 2291 ad
1332 2248 1389 2293 nos
1405 2235 1580 2309 transeunt,

468 2331 621 2414 possessio
654 2338 759 2395 tamen
793 2330 855 2394 nisi
888 2331 1073 2394 naturaliter
1102 2331 1324 2416 comprehensa
1354 2331 1393 2395 ad
1426 2352 1483 2395 nos
1516 2353 1579 2395 non

467 2433 612 2518 pertinet.

368 2577 446 2643 246.
468 2578 494 2643 l.
508 2577 549 2643 47
571 2579 653 2662 Dig.
677 2578 720 2647 de
743 2579 821 2661 adq.
844 2579 900 2646 vel
923 2579 1037 2645 amitt.
1059 2595 1155 2663 poss.
1177 2579 1229 2661 41,
1240 2583 1272 2646 2.

508 2700 711 2785 Papinianus
734 2701 810 2764 libro
833 2702 994 2764 cnansimo
1015 2710 1096 2764 sento
1119 2703 1334 2785 qaaestionem
1370 2701 1403 2764 Si
1426 2721 1493 2765 rem
1512 2721 1581 2765 mo-

467 2802 573 2884 bilem,
596 2804 680 2889 apud
702 2810 734 2868 te
757 2804 931 2888 depositam
955 2810 1009 2868 ant
1032 2825 1070 2867 ex
1093 2803 1288 2868 commodato
1311 2803 1370 2867 tibi
1384 2804 1581 2887 permanant,

467 2905 623 2991 possidere
639 2928 740 2991 neque
752 2907 880 2971 reddere
893 2905 1102 2988 constitueris,
1120 2906 1282 2969 confestim
1295 2905 1435 2971 amisisse
1446 2927 1497 2970 me
1508 2927 1581 2991 pos-

467 3008 635 3072 sessionem
656 3009 707 3072 vel
722 3009 916 3092 ignorantem
933 3029 1114 3093 responsum
1130 3015 1190 3072 est:
1215 3009 1303 3073 auius
1320 3009 1364 3072 rei
1380 3009 1508 3072 forsitan
1524 3009 1581 3073 illa
1652 3093 1654 3100 Ι

467 3111 548 3175 ratio
572 3119 627 3189 est,
650 3111 733 3195 quod
755 3132 860 3175 rerum
882 3110 1048 3175 mobilium
1070 3110 1211 3194 neglecta
1233 3119 1326 3195 atque
1347 3112 1461 3177 omissa
1475 3119 1580 3177 custo-

467 3213 529 3294 dia,
561 3213 705 3297 quamvis
738 3235 790 3278 eas
818 3235 908 3278 nemo
936 3213 1016 3277 alius
1042 3213 1203 3294 invaserit,
1238 3214 1351 3278 veteris
1378 3214 1581 3298 possessionis

467 3316 617 3381 damnum
640 3317 759 3382 adferre
782 3317 957 3382 consuevit:
981 3317 1075 3401 idque
1099 3317 1204 3382 Nerva
1225 3317 1308 3382 filius
1331 3317 1420 3381 libris
1444 3318 1483 3382 de
1505 3339 1579 3382 usu-

468 3419 650 3502 capionibus
678 3418 809 3484 rettulit.
853 3419 938 3484 idem
960 3419 1069 3484 scribit
1090 3419 1186 3483 aliam
1208 3440 1334 3484 oausam
1356 3440 1421 3483 esse
1443 3418 1580 3484 hominis

468 3520 654 3584 commodati
672 3521 788 3585 omissa
802 3522 958 3586 custodia:
975 3544 1049 3585 nem
1065 3521 1294 3607 possessionem
1308 3522 1431 3586 tamdiu
1444 3530 1580 3587 veterem

467 3624 605 3704 retineri,
629 3625 780 3708 quamdiu
800 3646 890 3690 nemo
907 3624 987 3689 elius
1002 3647 1074 3690 eum
1090 3624 1247 3710 possidere
1263 3625 1411 3710 coeperit,
1434 3624 1580 3691 videlicet

466 3726 545 3808 ideo,
563 3727 637 3812 quia
653 3735 755 3811 potest
770 3729 863 3793 homo
879 3729 1036 3814 proposito
1052 3728 1204 3793 redeundi
1216 3729 1341 3793 domino
1354 3730 1579 3814 possessionem

466 3830 515 3894 sui
543 3851 734 3912 conservare,
768 3831 855 3896 ouius
887 3854 1013 3918 corpore
1044 3819 1163 3897 ceteras
1190 3852 1314 3917 quoque
1340 3853 1389 3897 res
1416 3853 1579 3916 possumus

466 3934 632 4017 possidere.
666 3935 761 4018 igitur
776 3957 882 4000 earum
898 3935 1025 4019 quidem
1041 3957 1154 4018 rerum,
1179 3956 1258 4020 quae
1274 3936 1393 4002 ratione
1409 3935 1459 3999 vel
1475 3935 1580 4000 anima

466 4046 580 4119 carent,
598 4039 761 4103 confestim
777 4039 932 4103 amittitur
948 4039 1107 4122 possessio,
1124 4039 1266 4104 homines
1279 4047 1384 4103 autem
1396 4039 1578 4119 retinentur,

465 4136 491 4203 si
514 4142 690 4206 revertendi
711 4142 854 4206 animum
875 4143 1036 4206 haberent.

349 4247 442 4362 'arn
464 4296 489 4362 1.
508 4298 530 4362 s
554 4297 634 4380 mg.
657 4298 700 4366 oe
722 4300 777 4366 rer
799 4298 894 4365 vino.
918 4300 952 4380 e,
964 4298 993 4364 1.

515 4417 670 4501 Ulpianus
697 4416 775 4481 libro
804 4429 883 4481 sento
913 4419 1026 4481 decimo
1057 4419 1100 4482 ad
1124 4420 1257 4484 edictam
1303 4418 1449 4484 Officium
1475 4427 1579 4484 antem
1684 4495 1685 4516 ,

464 4523 578 4587 indicis
601 4522 633 4586 in
656 4521 715 4586 hac
738 4522 858 4587 actione
881 4523 914 4588 in
937 4522 995 4586 hoc
1018 4521 1086 4602 erit,
1109 4529 1145 4586 ut
1163 4523 1259 4587 iudex
1274 4521 1430 4607 inspiciat,
1454 4539 1494 4585 an
1510 4541 1578 4586 reus
