3442 5412
657 529 659 532 ’
714 440 834 607 sii*
846 493 1214 621 ““υ7’”ἵ’“ιίω4

275 612 363 677 cuius
392 613 544 676 bonorum
572 610 725 696 possessio
753 608 899 688 defertur,
928 633 992 675 non
1014 610 1098 674 cedit
1119 610 1149 674 ci
1171 618 1316 694 tempus:
1331 610 1386 674 scd

274 715 301 778 si
316 715 395 779 sciat
412 713 540 799 quidem
555 713 737 777 defunctum
753 733 819 777 esse
835 720 1010 796 cognatum,
1026 713 1144 777 nesciat
1159 721 1264 777 autem
1279 712 1385 798 proxi·
1440 698 1446 712 ⁸

274 817 395 882 rnitotis
424 816 551 881 nomine
581 816 733 880 bonorum
764 811 991 899 posseSsionem
1020 815 1081 879 sibi
1113 815 1234 897 deferri,
1268 823 1323 879 eut
1354 836 1385 878 se

274 920 352 984 sciet
367 919 520 1004 scriptum
534 918 691 998 heredem,
714 918 833 983 nesciat
855 926 960 982 entem
975 914 1059 1003 quod
1074 917 1198 1001 scriptis
1220 917 1385 982 heredibus

200 1042 216 1090 ὴ
274 1024 427 1088 bonorum
442 1021 668 1108 possessionem
690 1028 814 1107 praetor
830 1021 995 1122 promittit,
998 1021 1102 1130 fifid'ii
1117 1017 1146 1084 ei
1160 1028 1295 1105 tempus,
1312 1021 1386 1107 quie

274 1125 307 1188 in
329 1126 395 1189 iure
416 1133 507 1189 erret.
521 1124 619 1188 'idem
642 1132 698 1206 est,
721 1123 749 1187 si
771 1124 866 1188 freter
889 1107 1062 1208 'c'onsengui
1072 1106 1083 1124 „
1101 1099 1167 1187 irs‘a
1160 1123 1300 1187 defuncti
1320 1144 1385 1187 cre-

244 1229 331 1292 ndat
356 1237 490 1292 matrem
521 1227 676 1311 potiorem
703 1247 779 1292 esse.
832 1226 968 1310 Si‘quis
999 1226 1116 1292 nesciat
1151 1247 1184 1291 se
1220 1233 1385 1308 cognatum

274 1351 351 1410 esse,
373 1329 532 1394 interdurn
554 1329 588 1392 in
610 1329 687 1411 iure,
715 1328 875 1393 interdum
901 1329 934 1392 in
957 1331 1038 1419 fecto
1062 1336 1154 1392 errat.
1208 1350 1282 1393 nam
1304 1329 1331 1393 si
1355 1338 1385 1392 et

273 1434 406 1498 liberum
429 1453 462 1497 se
481 1453 546 1496 esse
569 1439 601 1496 et
623 1453 661 1496 ex
684 1431 796 1514 quibus
816 1438 910 1496 notus
937 1431 979 1496 sit
1005 1431 1092 1511 sciet,
1117 1431 1186 1496 iure
1206 1439 1311 1496 eutem
1334 1454 1385 1495 co-

273 1534 427 1620 gnationis
448 1535 560 1599 hebere
582 1556 615 1600 se
630 1534 758 1614 nesciet,
780 1535 814 1598 in
829 1534 1007 1615 iurc2errat:
1032 1542 1064 1598 at
1086 1535 1113 1599 si
1129 1535 1197 1619 quis
1220 1535 1315 1618 (forte
1331 1556 1384 1598 ex-

272 1638 408 1724 positus)
437 1659 569 1722 quorum
593 1637 770 1722 parentium
798 1645 880 1719 esset
902 1637 1031 1722 ignoret,
1058 1639 1189 1702 fortasse
1212 1647 1243 1703 et
1269 1638 1385 1702 serviet

195 1761 198 1768 ’
273 1741 366 1807 alicui
389 1750 503 1827 putens
534 1761 566 1806 se
590 1761 715 1806 servum
738 1761 813 1820 esse,
841 1741 875 1804 in
901 1742 983 1805 facto
1011 1740 1109 1824 magis
1137 1762 1231 1825 quem
1257 1741 1291 1805 in
1317 1741 1384 1804 iure

242 1863 255 1904 3
274 1853 365 1910 errat.
411 1846 490 1909 Item
514 1845 540 1910 si
563 1845 634 1929 quis
657 1843 735 1908 sciet
758 1843 884 1927 quidem
907 1843 961 1907 alii
985 1843 1120 1908 delatam
1144 1864 1210 1908 csse
1232 1845 1384 1908 bonorum
1446 1887 1449 1893 -

273 1948 508 2033 possessionem,
535 1947 656 2013 nesciat
683 1954 789 2039 autem
816 1946 844 2010 ei
872 1954 995 2030 tempus
1018 1947 1201 2032 praeterisse
1232 1949 1382 2012 bonorum

272 2051 482 2137 possessionis
505 2052 540 2116 in
554 2052 636 2115 fecto
659 2058 751 2114 erret.
796 2049 880 2114 idem
903 2057 960 2126 est,
983 2051 1010 2114 si
1032 2057 1122 2135 putet
1138 2071 1208 2114 eum
1232 2051 1400 2116 bonorunr'

272 2155 497 2238 possessionem
524 2153 688 2239 accepisse.
733 2153 787 2218 sed
814 2152 841 2217 si
868 2153 946 2218 sciat
973 2175 1044 2217 eum
1071 2175 1139 2256 npp
1160 2153 1440 2268 petissectemyw

271 2280 391 2343 pnsque
407 2260 435 2322 ei
450 2257 642 2344 praeterisse,
665 2258 785 2341 ignoret
808 2263 914 2320 eutem
928 2257 989 2320 sibi
1012 2278 1050 2320 ex
1070 2231 1206 2350 strod‘eg'sf'
1283 2231 1484 2340 οὲᾗίίὲὛ*
1499 2227 1580 2304 ‘⁸0

272 2369 446 2447 competere
473 2363 626 2427 bonorum
652 2359 892 2446 possessionem,
921 2359 1010 2424 cedet
1032 2359 1061 2423 ei
1088 2368 1226 2444 tempus,
1254 2349 1328 2442 quia
1353 2359 1384 2422 in
1416 2336 1431 2372 ς’

240 2464 338 2528 riure
365 2473 456 2528 erret.
502 2463 590 2529 Idem
616 2462 765 2543 dicemus,
798 2462 825 2533 si
853 2467 890 2526 ex
917 2483 984 2527 esse
1014 2462 1102 2526 heres
1128 2462 1291 2526 institutus
1321 2481 1385 2524 ncn

272 2575 361 2653 putet
382 2588 416 2632 se
440 2567 590 2631 bonorum
612 2567 840 2651 possessionem
856 2569 961 2650 petere
983 2586 1072 2649 posse
1096 2574 1168 2630 ente
1191 2553 1314 2650 apertas
1336 2573 1384 2628 te-

273 2671 378 2737 bulas:
402 2670 485 2756 quod
508 2671 534 2734 si
556 2669 676 2735 nesciat
699 2690 765 2735 esse
788 2669 923 2748 tabulas,
946 2669 979 2733 in
1002 2671 1085 2734 facto
1109 2677 1199 2733 errat.
1254 2727 1256 2732 .

136 2870 165 2968 p
198 2865 252 2932 os.
276 2864 339 2930 ne
362 2835 444 2946 nr'g.
467 2861 510 2929 oo
533 2863 602 2928 rur.
626 2862 663 2929 er
683 2861 766 2929 raet.
790 2862 863 2943 rgn.
886 2861 985 2942 ene.

334 2983 456 3047 Paulus
483 2982 561 3046 libro
587 2983 745 3067 singulari
765 2982 899 3046 deiceris
922 2993 949 3045 et
959 2982 1048 3066 facti
1066 2983 1244 3066 ignorantia
1266 2981 1384 3062 Regula
1421 3001 1424 3006 ·

275 3095 321 3151 est
343 3086 420 3152 iuris
443 3086 570 3170 quidem
593 3085 802 3169 ignorantiam
825 3086 936 3169 cuique
959 3107 1080 3166 nocere,
1102 3085 1177 3150 fecti
1199 3106 1271 3148 vero
1295 3083 1383 3167 ignc-

271 3189 407 3254 rantiam
434 3211 497 3254 non
525 3210 644 3254 nocere.
695 3190 859 3254 videamus
886 3189 990 3271 igitur,
1023 3189 1056 3253 in
1084 3189 1196 3274 quibus
1223 3186 1384 3272 speciebus

271 3287 373 3357 lecum
390 3293 511 3357 habere
533 3292 640 3378 possit,
674 3300 746 3357 ante
772 3292 940 3377 praemisso
969 3293 1050 3376 quod
1073 3291 1246 3356 minoribus
1272 3290 1382 3373 viginti

182 3449 184 3452 .
274 3396 412 3480 quinque
427 3397 518 3460 annis
541 3396 590 3459 ius
604 3395 747 3479 ignorare
762 3395 949 3480 permissum
965 3403 1021 3460 est.
1067 3395 1150 3480 quod
1165 3402 1196 3459 et
1211 3394 1245 3458 in
1259 3393 1383 3458 feminis

269 3499 302 3563 in
332 3499 520 3608 qnipppdam
549 3500 651 3564 causis
679 3507 805 3583 propter
833 3519 924 3563 sexus
951 3499 1167 3564 infirmitatem
1196 3498 1324 3562 dicitur:
1353 3508 1383 3560 et

270 3601 339 3666 ideo
355 3598 421 3666 sieri
444 3603 533 3666 inon
549 3611 595 3666 est
618 3602 778 3684 delictum,
801 3602 855 3666 sed
870 3602 948 3667 iuris
962 3602 1148 3686 ignorantie,
1171 3622 1234 3667 non
1252 3601 1382 3666 laedun-

271 3701 336 3770 tur.v
377 3569 581 3874 heiipbibne
603 3707 628 3770 si
644 3707 747 3770 minor
762 3706 874 3789 viginti
898 3705 1035 3789 quinque
1058 3706 1147 3771 annis
1162 3701 1383 3770 filiofamilias

270 3809 446 3890 crediderit,
490 3810 657 3874 ubvenitur
681 3810 719 3889 ei,
747 3817 783 3873 ut
809 3830 869 3874 non
898 3809 1041 3875 videatur
1067 3810 1131 3874 filio
1154 3808 1290 3874 familias
1317 3829 1382 3872 cre-

241 3911 396 3977 1didisse.
445 3913 480 3977 Si
501 3913 585 3978 filius
607 3913 742 3976 familias
765 3912 854 3977 miles
878 3913 1122 3977 e'commilitone
1145 3910 1382 3978 hercs'institu-

270 4025 321 4079 tus
350 4015 470 4080 nesciat
498 4016 559 4080 sibi
587 4015 682 4080 etiam
709 4016 776 4080 sine
800 4026 888 4101 petre
914 4015 1007 4080 licere
1036 4016 1121 4081 adire
1147 4037 1203 4102 per
1230 4016 1382 4082 constitu-

270 4118 372 4184 tiones
391 4120 589 4205 principales,
610 4120 659 4184 ius
675 4119 816 4202 ignorare
836 4127 938 4205 potest
960 4127 991 4184 et
1012 4119 1088 4184 ideo
1102 4120 1130 4184 ei
1151 4117 1217 4185 dies
1236 4120 1383 4185 editionis

189 4267 193 4276 ,
221 4239 254 4278 -π
272 4219 361 4305 [non]
378 4222 470 4287 cedit.
515 4221 576 4286 Sed
591 4223 668 4287 facti
682 4222 858 4305 ignorantia
872 4223 918 4287 ita
934 4222 1060 4286 demum
1077 4223 1189 4307 cuique
1204 4245 1267 4288 non
1282 4234 1382 4303 nocet,

269 4325 298 4388 si
318 4346 382 4389 non
404 4326 433 4390 ei
455 4325 579 4390 summa
605 4325 799 4409 neglegentia
822 4325 988 4391 obicietur:
1022 4325 1204 4409 quidenim
1224 4327 1252 4391 si
1275 4347 1382 4392 omnes

268 4428 301 4492 in
330 4427 456 4494 civitate
484 4429 597 4511 scient,
623 4429 707 4513 qnod
734 4428 787 4493 ille
815 4430 900 4494 solus
919 4429 1061 4513 ignorat?
1113 4441 1145 4494 et
1170 4437 1253 4504 reete
1280 4430 1382 4494 Labeo

167 4563 174 4577 ·
269 4531 377 4597 definit
398 4533 564 4598 scientiam
585 4554 685 4616 neque
708 4533 910 4599 curiosissimi
925 4520 1026 4618 neque
1048 4531 1311 4617 neglegentissimi
1325 4534 1381 4599 ho-
