3442 5412
841 416 1055 484 ..26-

449 587 495 651 ita
510 587 700 672 Pomponius
721 587 801 652 libro
817 586 986 653 vicensimo
1003 594 1111 654 octavo
1127 587 1245 654 scribit
1281 587 1326 652 ait
1341 588 1425 654 enim
1441 595 1562 653 metum

448 691 574 756 illatum
600 690 826 775 accipiendum,
860 691 892 755 id
920 699 968 756 est
994 691 1022 756 si
1047 691 1155 756 illatus
1182 699 1230 757 est
1256 692 1351 757 timor
1378 693 1416 757 ab
1445 693 1560 776 aliquo.

450 795 584 879 denique
610 801 734 877 tractat,
762 794 789 860 si
815 794 946 860 fundum
975 816 1081 861 meum
1108 795 1299 882 dereliquero
1328 781 1449 878 audito,
1478 796 1562 881 quod

450 899 521 984 quis
548 919 620 962 cum
647 898 741 962 armis
767 898 899 977 veniret,
928 920 969 964 an
990 897 1063 963 huic
1086 898 1186 964 edicto
1209 899 1295 964 locus
1317 899 1377 964 sit?
1415 907 1446 964 et
1468 899 1561 964 refert

449 1002 625 1067 Labeonem
648 1002 827 1066 existimare
850 1002 951 1066 edicto
973 1001 1077 1067 locum
1100 1023 1162 1068 non
1185 1024 1250 1067 esse
1273 1010 1305 1068 et
1319 1003 1402 1068 unde
1418 1003 1449 1066 vi
1464 1003 1561 1067 inter·

450 1105 569 1169 dictum
592 1125 721 1184 cessare,
744 1105 893 1189 quoniam
915 1126 978 1170 non
995 1105 1101 1170 videor
1116 1105 1146 1168 vi
1163 1105 1309 1188 deiectae,
1333 1106 1387 1190 qni
1403 1105 1483 1170 deici
1497 1128 1562 1170 non

451 1209 613 1294 expectavi
635 1208 689 1272 sed
711 1207 843 1292 profugi.
882 1208 973 1272 aliter
995 1216 1089 1294 atque
1104 1209 1140 1288 si,
1164 1216 1368 1294 posteaquam
1384 1209 1496 1274 armati
1511 1209 1560 1273 in-

448 1311 545 1394 gressi
572 1318 655 1393 sunt,
690 1318 764 1374 tunc
798 1311 940 1376 discessi:
974 1310 1048 1375 huic
1079 1311 1164 1376 enim
1191 1311 1291 1376 edicto
1320 1313 1422 1378 locum
1449 1314 1559 1376 facere.

449 1415 534 1479 idom
566 1415 620 1495 ait,
655 1421 686 1479 et
717 1414 744 1478 si
770 1414 849 1480 forte
877 1413 1017 1478 adhibita
1043 1435 1140 1479 manu
1165 1414 1199 1478 in
1227 1435 1296 1479 meo
1324 1415 1387 1480 solo
1415 1436 1469 1500 per
1495 1416 1560 1478 vim

450 1518 603 1599 aedifices,
634 1526 667 1582 et
692 1517 896 1582 interdictum
923 1517 1005 1600 quod
1033 1517 1065 1581 vi
1092 1525 1146 1582 aut
1173 1517 1253 1582 clam
1282 1525 1314 1581 et
1340 1519 1397 1582 hoc
1424 1519 1560 1583 edictum

449 1622 552 1687 locum
575 1622 698 1701 habere,
722 1621 841 1686 scilicet
854 1619 1013 1704 quoniam
1035 1628 1122 1686 metu
1145 1621 1247 1704 patior
1268 1621 1303 1684 id
1317 1629 1348 1685 te
1364 1623 1474 1686 facere.
1506 1620 1561 1684 sed

449 1733 480 1789 ot
505 1725 534 1788 si
560 1745 616 1808 per
642 1724 706 1788 vim
733 1723 792 1788 tibi
820 1723 1046 1808 possessionem
1073 1723 1240 1803 tradidero,
1269 1724 1346 1789 dicit
1372 1723 1560 1809 Pomponius

449 1829 506 1892 hoc
529 1828 630 1893 edicto
654 1827 758 1892 locum
780 1848 857 1891 osse.

360 1983 551 2066 114.1.1,a
575 1984 654 2066 urg.
677 1984 720 2051 de
744 1984 825 2050 dolo
847 1983 881 2067 4,
894 1983 926 2049 3.

502 2101 656 2190 Ulpianus
678 2103 755 2166 libro
771 2105 928 2167 andecimo
944 2104 986 2167 acl
999 2104 1131 2167 edictam
1168 2104 1283 2168 Dolum
1299 2104 1418 2169 malum
1434 2103 1560 2168 Servius

450 2207 575 2293 quidem
592 2208 638 2272 ita
653 2208 774 2272 definiit
789 2206 1051 2271 machinationem
1069 2207 1226 2293 quandam
1243 2207 1370 2272 alterius
1387 2207 1561 2293 decipiendi

450 2332 552 2393 causa,
587 2333 658 2376 cum
692 2309 778 2374 aliud
804 2309 971 2374 simulatur
998 2317 1029 2374 et
1056 2309 1143 2374 aliud
1169 2311 1280 2393 agitur.
1326 2311 1427 2376 Labeo
1454 2318 1560 2374 autem

449 2422 602 2499 possset
635 2413 703 2477 sine
730 2413 929 2478 simulatione
963 2412 995 2476 id
1028 2413 1086 2496 agi,
1121 2420 1157 2477 ut
1187 2407 1257 2499 qu‘is
1283 2413 1558 2478 circumveniatur:

366 2497 370 2508 ¹
449 2538 539 2602 posse
566 2524 597 2582 et
628 2517 694 2580 sine
726 2516 795 2582 dolo
830 2516 912 2581 malo
947 2516 1032 2580 aliud
1067 2517 1126 2599 agi,
1161 2516 1245 2580 aliud
1280 2516 1432 2598 simulari,
1467 2516 1559 2580 sicuti

448 2611 580 2700 iaciunt,
620 2619 675 2705 qui
715 2640 770 2704 per
808 2619 960 2683 eiusmodi
997 2618 1279 2684 dissimulationem
1315 2620 1493 2684 deserviant
1529 2627 1560 2681 et

448 2730 576 2788 tuentur
601 2723 652 2786 vel
685 2745 741 2787 sua
768 2723 818 2787 vel
852 2722 968 2786 aliena:
1004 2722 1109 2806 itaque
1141 2723 1208 2808 ipse
1235 2723 1280 2786 sic
1307 2722 1427 2786 definiit
1454 2721 1559 2785 dolum

447 2826 566 2890 malum
590 2847 656 2891 esse
680 2847 804 2890 omnem
828 2825 1033 2889 calliditatem
1054 2825 1212 2889 fallaciam
1235 2825 1496 2889 machinationem
1520 2824 1559 2886 ad

355 2978 358 2984 .
449 2928 756 2993 circumveniendum
782 2928 955 2992 fallendum
978 2927 1196 3013 decipiendum
1219 2929 1352 2993 alterum
1376 2927 1557 2992 adhibitam.

447 3033 600 3096 Labeonis
624 3031 761 3105 definitio
784 3052 858 3094 vera
881 3038 936 3096 est.

360 3189 425 3257 115.
449 3191 473 3258 1.
490 3190 530 3255 37
553 3189 632 3271 urg.
657 3188 700 3254 de
723 3188 803 3255 dolo
826 3185 858 3270 4,
871 3188 920 3263 3.,
971 3279 975 3284 ἡ

499 3309 651 3394 Ulpianus
679 3309 756 3372 libro
783 3310 1044 3394 qaadiaqaaaiino
1070 3320 1181 3394 minato
1207 3309 1249 3371 ad
1274 3306 1427 3372 Sabinam
1471 3307 1557 3383 Quod

448 3413 592 3477 venditor
624 3419 660 3476 ut
692 3412 888 3478 commendet
921 3413 1006 3495 dicit,
1041 3413 1086 3477 sic
1119 3412 1307 3494 habendum,
1342 3411 1432 3496 quasi
1458 3431 1558 3493 neque

448 3517 567 3580 dictum
600 3537 701 3600 neque
735 3516 923 3600 promissum
952 3523 1008 3580 est.
1053 3517 1080 3582 si
1106 3538 1180 3580 vero
1207 3515 1384 3601 decipiendi
1411 3514 1558 3600 emptoris

449 3640 543 3684 causa
566 3619 684 3684 dictum
707 3626 765 3699 est,
792 3640 890 3704 aeque
916 3619 960 3684 sic
982 3619 1160 3686 habendum
1187 3627 1243 3699 est,
1271 3626 1306 3683 ut
1329 3641 1390 3684 non
1413 3625 1559 3682 nascatur

448 3722 597 3786 adversus
620 3721 739 3788 dictum
761 3722 987 3807 promissumve
1010 3722 1101 3803 actio,
1125 3722 1178 3786 sed
1203 3721 1240 3786 de
1264 3721 1333 3786 dolo
1357 3721 1447 3786 actio.

354 3878 425 3945 116.
448 3880 471 3945 l.
488 3879 525 3944 77
547 3879 628 3960 Dig.
652 3878 695 3945 de
717 3896 793 3960 reg.
816 3879 884 3944 iur.
908 3879 966 3960 bt),
977 3877 1026 3944 17.

491 3998 692 4084 Papinianus
721 3997 798 4061 libro
820 4000 958 4062 vicennio
981 4009 1083 4062 octauo
1105 3999 1316 4081 qaaestianain
1361 3997 1459 4061 Actus
1482 3995 1557 4077 legi-

447 4103 527 4182 timi,
552 4102 604 4186 qui
628 4124 691 4166 non
712 4101 869 4186 recipiunt
891 4100 974 4165 diem
996 4102 1046 4165 vel
1076 4099 1302 4180 condicionem,
1330 4099 1429 4163 veluti
1452 4120 1557 4163 eman-

449 4205 574 4290 cipatic,
612 4205 819 4290 acceptilatio,
856 4204 1039 4269 hereditatis
1076 4203 1183 4283 aditio,
1221 4203 1303 4268 servi
1340 4203 1434 4288 optio,
1474 4202 1557 4266 datio

447 4309 568 4388 tutoris,
591 4308 624 4372 in
646 4315 749 4371 totum
771 4307 924 4372 vitiantur
945 4329 1001 4393 per
1022 4307 1172 4392 temporis
1187 4306 1237 4370 vel
1252 4305 1558 4398 condicionis-adiec-

447 4411 574 4476 tionem.
608 4431 847 4496 nonnumquam
869 4417 975 4476 tamen
998 4418 1086 4475 actus
1108 4431 1203 4494 supra
1225 4409 1333 4493 scripti
1359 4409 1453 4474 tacite
1480 4408 1558 4474 reci-

447 4514 548 4598 piunt,
584 4535 663 4600 quae
696 4520 802 4600 aperte
836 4514 1058 4600 comprehensa
1084 4513 1195 4580 vitium
1231 4513 1386 4602 adferunt.
1430 4533 1504 4578 nam
1531 4510 1557 4573 si
