3442 5412
665 429 880 494 -81-
952 407 992 516 f

268 606 308 677 et,
332 599 494 682 sisaram,
516 600 571 685 qui
593 601 708 686 peculii
729 600 1032 666 administrationem
1047 600 1151 680 habet,
1173 622 1240 665 rem
1257 601 1380 686 pignori

267 703 301 766 in
326 703 360 768 id
388 704 470 788 quod
497 704 610 768 debeat
636 704 766 786 dederit,
794 705 881 768 utilis
908 703 1112 790 pignoraticia
1138 704 1296 769 reddenda
1323 714 1379 770 est.

206 855 237 922 ⁹.
268 857 293 923 l.
308 855 395 940 bpr.
419 855 475 942 §1
499 856 579 939 urg.
602 856 645 923 do
668 858 759 923 auct.
783 858 820 922 et
841 875 935 924 cons.
958 857 1014 939 26,
1028 858 1061 922 8.
1117 851 1119 856 ’

317 975 472 1063 Ulpiaaua
494 977 572 1041 libro
591 979 828 1063 quadrupesimo
843 980 886 1042 ad
900 976 1056 1042 Sabinum
1093 979 1234 1064 Pupillus
1251 980 1381 1062 obligari

267 1081 363 1145 tutori
390 1103 425 1146 eo
454 1090 579 1148 auctore
605 1104 668 1147 non
699 1090 811 1167 potest.
857 1083 948 1167 plane
975 1083 1001 1146 si
1029 1083 1133 1166 plures
1161 1083 1224 1148 sint
1251 1090 1380 1163 tutores,

268 1205 398 1269 quorum
424 1187 514 1250 unius
537 1186 706 1251 auotoritas
728 1185 851 1267 suflicit,
877 1185 1044 1251 dicendum
1067 1194 1113 1250 est
1135 1187 1232 1251 altero
1256 1195 1385 1252 auctore.

267 1289 423 1374 pupillum
446 1290 475 1353 ei
497 1309 585 1374 posse
608 1289 748 1372 obligari,
771 1289 837 1353 sive
860 1296 1003 1352 mutuam
1021 1289 1187 1374 pecuniam
1202 1291 1230 1354 ei
1247 1290 1299 1354 det
1314 1291 1380 1355 sive

268 1393 434 1478 stipuletur
461 1393 500 1456 ab
528 1414 573 1457 eo.
610 1393 666 1457 ‘sed
695 1400 726 1457 et
750 1414 820 1456 cum
842 1393 926 1456 solus
949 1393 990 1456 sit
1012 1399 1098 1456 tutor
1120 1400 1263 1457 mutuam
1285 1415 1380 1479 pecu-

267 1496 353 1560 niam
375 1495 494 1581 pupillo
519 1495 639 1560 dederit
661 1496 711 1560 vel
734 1496 773 1560 ab
797 1517 832 1560 eo
856 1496 1033 1582 stipuletur,
1058 1518 1121 1560 non
1144 1497 1204 1560 erit
1226 1497 1380 1580 obligatus

267 1600 377 1664 tutori:
405 1599 591 1665 naturaliter
616 1607 723 1664 tamen
750 1599 939 1682 obligabitur
966 1601 999 1664 in
1021 1608 1174 1684 quantum
1197 1600 1381 1685 locupletior

158 1759 161 1767 .
267 1703 368 1768 factus
390 1711 451 1768 est:
475 1708 554 1768 nam
571 1704 605 1768 in
627 1704 785 1789 pupillum
808 1726 870 1769 non
886 1711 1010 1768 tantum
1026 1705 1132 1783 tutori,
1156 1725 1265 1768 verum
1281 1703 1380 1769 cuivis

268 1807 420 1871 actionem
455 1808 487 1870 in
521 1816 676 1892 quantum
709 1808 892 1893 locupletior
924 1808 1025 1871 factus
1054 1815 1100 1871 est
1126 1807 1263 1876 dandam
1289 1807 1381 1871 divus

267 1910 341 1974 Pius
362 1911 530 1996 rescripsit.

157 2045 237 2111 356.
268 2045 294 2110 1.
309 2046 354 2111 29
377 2046 458 2128 lug.
481 2046 525 2114 de
548 2046 649 2114 cond.
672 2046 791 2113 indeb.
813 2046 864 2127 12,
876 2046 910 2111 6.

317 2166 471 2251 Ulpioaaa
504 2167 580 2231 libro
608 2169 736 2232 secando
763 2169 1012 2253 disputationum
1059 2167 1222 2232 Interdum
1249 2186 1381 2251 persona

267 2271 370 2336 locum
392 2272 468 2336 facit
489 2271 679 2356 repetitioni,
703 2280 738 2336 ut
760 2279 837 2357 puta
859 2272 887 2335 si
909 2271 1048 2357 pupillus
1063 2272 1131 2336 sine
1147 2271 1260 2335 tutoris
1275 2278 1380 2333 aucto·

266 2375 359 2439 ritate
386 2376 435 2439 vel
462 2376 595 2440 furiosus
622 2376 671 2440 vel
699 2376 726 2440 is
753 2377 803 2440 oui
830 2375 919 2440 bonis
942 2375 1145 2439 interdictum
1169 2383 1216 2438 est
1238 2373 1379 2439 solverit:

266 2500 339 2542 nam
371 2479 404 2543 in
433 2479 481 2542 his
507 2479 647 2564 personis
674 2479 858 2562 generaliter
885 2478 1065 2563 repetitioni
1091 2478 1194 2543 locum
1223 2498 1290 2543 esse
1317 2498 1381 2542 non

267 2581 444 2665 ambigitur.
468 2590 500 2646 et
521 2582 549 2646 si
572 2567 700 2665 quidem
722 2590 848 2646 exstant
871 2583 1004 2662 nummi,
1027 2580 1281 2660 vindicabuntur,
1308 2603 1381 2645 con·

267 2687 399 2772 sumptis
424 2708 496 2750 vero
520 2686 673 2750 condictio
696 2686 800 2750 locum
822 2686 959 2749 habebit.

156 2843 233 2910 667.
266 2844 291 2909 l.
306 2843 350 2909 68
372 2845 453 2926 Dig.
475 2844 519 2912 de
542 2844 613 2911 obl.
637 2844 674 2911 et
695 2844 762 2910 act.
784 2841 839 2923 44,
852 2842 882 2908 t.

310 2964 476 3028 Licinniua
491 2963 626 3045 Reatinae
647 2963 725 3027 libro
746 2974 849 3026 ootooo
863 2963 1044 3047 repuleram
1077 2961 1221 3046 Pupillus
1236 2967 1380 3026 mutuam

268 3067 432 3153 pecuniam
455 3068 634 3152 accipiendo
658 3089 697 3132 ne
719 3067 846 3151 quidem
868 3067 936 3131 iure
958 3066 1096 3131 naturali
1118 3066 1282 3148 obligatur.

158 3220 353 3286 ecra.1.41
374 3221 455 3302 mg.
479 3219 523 3288 oa
546 3219 646 3286 cono.
668 3219 786 3286 incon.
809 3216 860 3301 ιε,
873 3223 904 3286 o.

310 3341 461 3406 Neratiae
494 3339 571 3405 libro
602 3353 683 3404 aceto
716 3339 966 3404 membranorum
1020 3339 1108 3417 Quod
1141 3339 1279 3425 pupillus
1313 3340 1380 3404 sine

267 3447 381 3511 tutoris
404 3446 588 3511 auctoritate
611 3444 774 3530 stipulanti
798 3444 976 3530 promiserit
998 3443 1134 3524 solverit,
1158 3443 1301 3528 repetitio
1322 3451 1379 3524 est,

267 3550 343 3636 quia
365 3571 422 3614 nec
444 3557 557 3613 natura
579 3548 681 3613 debet.
1090 3549 1092 3552 ’

159 3684 237 3750 668.
267 3685 293 3750 l.
308 3684 422 3767 40pr.
445 3684 525 3764 lug.
545 3683 588 3750 de
611 3683 711 3750 cond.
734 3682 852 3750 indeb.
875 3681 925 3766 12,
938 3682 972 3747 6.

311 3806 493 3869 Marcianus
516 3804 593 3868 libro
616 3806 703 3868 tertio
725 3805 906 3888 repuleram
950 3803 1009 3881 Qui
1031 3803 1248 3888 exceptionem
1269 3826 1380 3890 perpe-

268 3918 355 3974 tuam
381 3910 486 3988 habet,
513 3909 651 3973 solutum
677 3929 732 3993 per
761 3929 895 3972 errorem
922 3914 1061 3991 repetere
1088 3914 1205 3991 potest:
1240 3907 1293 3971 sed
1322 3906 1379 3972 hoc

268 4035 330 4077 non
353 4022 399 4078 est
420 4021 615 4098 perpetuum.
652 4033 726 4075 nam
749 4012 776 4075 si
799 4009 925 4095 quidem
942 4010 1007 4074 eius
1023 4030 1116 4074 causa
1131 4011 1271 4095 exceptio
1287 4011 1379 4076 datur

270 4137 338 4180 cum
362 4138 422 4201 quo
446 4117 558 4200 agitur,
581 4116 719 4179 solutum
734 4122 873 4200 repetere
888 4120 998 4198 potest,
1023 4121 1059 4178 ut
1073 4113 1188 4179 accidit
1202 4115 1236 4178 in
1252 4124 1379 4180 senatus

269 4220 409 4284 consulto
444 4221 483 4284 de
509 4218 796 4284 intercessionibus:
831 4217 886 4282 ubi
913 4238 985 4282 vero
1019 4217 1053 4282 in
1087 4217 1194 4282 odium
1228 4218 1295 4282 eius
1329 4219 1380 4283 oui

269 4323 399 4388 debetur
414 4323 555 4408 exceptio
573 4323 674 4403 datur,
697 4339 859 4407 perperam
874 4321 1011 4386 solutum
1026 4343 1089 4385 non
1105 4322 1265 4406 repetitur,
1281 4322 1380 4387 veluti

268 4426 296 4491 si
328 4427 411 4491 filius
444 4426 579 4491 familias
614 4434 722 4491 contra
752 4424 1012 4489 Macedonianum
1042 4432 1186 4489 mutuam
1214 4427 1379 4510 pecuniam

269 4531 423 4616 acceperit
445 4538 476 4595 et
498 4538 586 4615 pater
608 4527 744 4594 familias
766 4530 867 4593 factus
890 4528 1026 4610 solverit,
1048 4550 1110 4593 non
1133 4530 1255 4614 repetit.

1211 4648 1226 4700 6
