<?xml version="1.0" encoding="UTF-8"?>
<!DOCTYPE html PUBLIC "-//W3C//DTD XHTML 1.0 Transitional//EN"
    "http://www.w3.org/TR/xhtml1/DTD/xhtml1-transitional.dtd">
<html xmlns="http://www.w3.org/1999/xhtml" xml:lang="en" lang="en">
 <head>
  <title>
</title>
<meta http-equiv="Content-Type" content="text/html;charset=utf-8" />
  <meta name='ocr-system' content='tesseract 3.04.00' />
  <meta name='ocr-capabilities' content='ocr_page ocr_carea ocr_par ocr_line ocrx_word'/>
</head>
<body>
  <div class='ocr_page' id='page_1' title='image "ausgewhltequell00kbgoog_0085.png"; bbox 0 0 3442 5412; ppageno 0'>
   <div class='ocr_carea' id='block_1_1' title="bbox 856 427 1069 493">
    <p class='ocr_par' dir='ltr' id='par_1_1' title="bbox 856 427 1069 493">
     <span class='ocr_line' id='line_1_1' title="bbox 856 427 1069 493; baseline -0.009 -17"><span class='ocrx_word' id='word_1_1' title='bbox 856 427 1069 493; x_wconf 75' lang='lat' dir='ltr'>..rg-</span> 
     </span>
    </p>
   </div>
   <div class='ocr_carea' id='block_1_2' title="bbox 459 598 1571 1715">
    <p class='ocr_par' dir='ltr' id='par_1_2' title="bbox 459 598 1571 1715">
     <span class='ocr_line' id='line_1_2' title="bbox 459 598 1568 684; baseline -0.001 -21"><span class='ocrx_word' id='word_1_2' title='bbox 459 598 564 664; x_wconf 92' lang='lat' dir='ltr'>dandi.</span> <span class='ocrx_word' id='word_1_3' title='bbox 610 606 658 664; x_wconf 87' lang='lat' dir='ltr'>est</span> <span class='ocrx_word' id='word_1_4' title='bbox 690 607 796 664; x_wconf 87' lang='lat' dir='ltr'>autem</span> <span class='ocrx_word' id='word_1_5' title='bbox 829 601 961 664; x_wconf 78' lang='lat' dir='ltr'><strong>facultas</strong></span> <span class='ocrx_word' id='word_1_6' title='bbox 997 621 1145 684; x_wconf 89' lang='lat' dir='ltr'>personae</span> <span class='ocrx_word' id='word_1_7' title='bbox 1172 599 1368 664; x_wconf 91' lang='lat' dir='ltr'>commodum</span> <span class='ocrx_word' id='word_1_8' title='bbox 1397 599 1568 663; x_wconf 88' lang='lat' dir='ltr'>incommo-</span> 
     </span>
     <span class='ocr_line' id='line_1_3' title="bbox 460 703 1570 789; baseline -0.001 -23"><span class='ocrx_word' id='word_1_9' title='bbox 460 703 606 786; x_wconf 89' lang='lat' dir='ltr'>dumque,</span> <span class='ocrx_word' id='word_1_10' title='bbox 633 725 696 768; x_wconf 93' lang='lat' dir='ltr'>non</span> <span class='ocrx_word' id='word_1_11' title='bbox 722 724 929 786; x_wconf 90' lang='lat' dir='ltr'>rerumquae</span> <span class='ocrx_word' id='word_1_12' title='bbox 951 703 1186 789; x_wconf 91' lang='lat' dir='ltr'>promittuntur.</span> <span class='ocrx_word' id='word_1_13' title='bbox 1232 711 1264 766; x_wconf 91' lang='lat' dir='ltr'>et</span> <span class='ocrx_word' id='word_1_14' title='bbox 1286 703 1426 787; x_wconf 89' lang='lat' dir='ltr'>alioquin</span> <span class='ocrx_word' id='word_1_15' title='bbox 1448 703 1475 768; x_wconf 90' lang='lat' dir='ltr'>si</span> <span class='ocrx_word' id='word_1_16' title='bbox 1498 703 1570 787; x_wconf 89' lang='lat' dir='ltr'>quis</span> 
     </span>
     <span class='ocr_line' id='line_1_4' title="bbox 460 806 1570 892; baseline 0 -22"><span class='ocrx_word' id='word_1_17' title='bbox 460 806 602 871; x_wconf 77' lang='lat' dir='ltr'><strong>Stichum</strong></span> <span class='ocrx_word' id='word_1_18' title='bbox 623 806 690 870; x_wconf 89' lang='lat' dir='ltr'>dari</span> <span class='ocrx_word' id='word_1_19' title='bbox 711 807 922 892; x_wconf 81' lang='lat' dir='ltr'>spoponderit,</span> <span class='ocrx_word' id='word_1_20' title='bbox 946 828 1141 891; x_wconf 76' lang='lat' dir='ltr'>quaeremus,</span> <span class='ocrx_word' id='word_1_21' title='bbox 1165 807 1219 871; x_wconf 93' lang='lat' dir='ltr'>ubi</span> <span class='ocrx_word' id='word_1_22' title='bbox 1236 807 1277 870; x_wconf 90' lang='lat' dir='ltr'>sit</span> <span class='ocrx_word' id='word_1_23' title='bbox 1292 806 1430 872; x_wconf 87' lang='lat' dir='ltr'>Stichus:</span> <span class='ocrx_word' id='word_1_24' title='bbox 1455 814 1509 869; x_wconf 94' lang='lat' dir='ltr'>aut</span> <span class='ocrx_word' id='word_1_25' title='bbox 1524 806 1570 870; x_wconf 92' lang='lat' dir='ltr'>sic</span> 
     </span>
     <span class='ocr_line' id='line_1_5' title="bbox 459 908 1568 996; baseline -0.001 -23"><span class='ocrx_word' id='word_1_26' title='bbox 459 932 522 974; x_wconf 95' lang='lat' dir='ltr'>non</span> <span class='ocrx_word' id='word_1_27' title='bbox 552 909 688 974; x_wconf 91' lang='lat' dir='ltr'>multum</span> <span class='ocrx_word' id='word_1_28' title='bbox 715 912 827 975; x_wconf 89' lang='lat' dir='ltr'>referre</span> <span class='ocrx_word' id='word_1_29' title='bbox 849 910 994 975; x_wconf 88' lang='lat' dir='ltr'>videatur</span> <span class='ocrx_word' id='word_1_30' title='bbox 1017 910 1139 996; x_wconf 86' lang='lat' dir='ltr'>‘Ephesi</span> <span class='ocrx_word' id='word_1_31' title='bbox 1166 910 1315 974; x_wconf 89' lang='lat' dir='ltr'>daturum</span> <span class='ocrx_word' id='word_1_32' title='bbox 1336 909 1390 992; x_wconf 90' lang='lat' dir='ltr'>se&#39;,</span> <span class='ocrx_word' id='word_1_33' title='bbox 1413 929 1463 991; x_wconf 90' lang='lat' dir='ltr'>an,</span> <span class='ocrx_word' id='word_1_34' title='bbox 1486 908 1568 994; x_wconf 90' lang='lat' dir='ltr'>quod</span> 
     </span>
     <span class='ocr_line' id='line_1_6' title="bbox 459 1011 1570 1098; baseline -0.002 -22"><span class='ocrx_word' id='word_1_35' title='bbox 459 1012 572 1098; x_wconf 82' lang='lat' dir='ltr'>Ephesi</span> <span class='ocrx_word' id='word_1_36' title='bbox 599 1013 650 1092; x_wconf 92' lang='lat' dir='ltr'>sit,</span> <span class='ocrx_word' id='word_1_37' title='bbox 684 1034 756 1078; x_wconf 93' lang='lat' dir='ltr'>cum</span> <span class='ocrx_word' id='word_1_38' title='bbox 783 1012 850 1097; x_wconf 90' lang='lat' dir='ltr'>ipse</span> <span class='ocrx_word' id='word_1_39' title='bbox 877 1012 994 1077; x_wconf 89' lang='lat' dir='ltr'>Romae</span> <span class='ocrx_word' id='word_1_40' title='bbox 1024 1013 1074 1092; x_wconf 90' lang='lat' dir='ltr'>sit,</span> <span class='ocrx_word' id='word_1_41' title='bbox 1109 1012 1183 1077; x_wconf 90' lang='lat' dir='ltr'>darc</span> <span class='ocrx_word' id='word_1_42' title='bbox 1209 1011 1376 1097; x_wconf 85' lang='lat' dir='ltr'>spondeat:</span> <span class='ocrx_word' id='word_1_43' title='bbox 1411 1033 1485 1075; x_wconf 90' lang='lat' dir='ltr'>nam</span> <span class='ocrx_word' id='word_1_44' title='bbox 1512 1011 1570 1077; x_wconf 94' lang='lat' dir='ltr'>hoc</span> 
     </span>
     <span class='ocr_line' id='line_1_7' title="bbox 460 1114 1570 1201; baseline -0.001 -22"><span class='ocrx_word' id='word_1_45' title='bbox 460 1136 583 1199; x_wconf 92' lang='lat' dir='ltr'>quoque</span> <span class='ocrx_word' id='word_1_46' title='bbox 610 1115 650 1178; x_wconf 91' lang='lat' dir='ltr'>ad</span> <span class='ocrx_word' id='word_1_47' title='bbox 675 1115 857 1180; x_wconf 72' lang='lat' dir='ltr'>facultatem</span> <span class='ocrx_word' id='word_1_48' title='bbox 885 1115 980 1180; x_wconf 91' lang='lat' dir='ltr'>dandi</span> <span class='ocrx_word' id='word_1_49' title='bbox 1003 1116 1148 1201; x_wconf 83' lang='lat' dir='ltr'>pertinet,</span> <span class='ocrx_word' id='word_1_50' title='bbox 1176 1115 1251 1199; x_wconf 91' lang='lat' dir='ltr'>qnia</span> <span class='ocrx_word' id='word_1_51' title='bbox 1272 1115 1306 1178; x_wconf 90' lang='lat' dir='ltr'>in</span> <span class='ocrx_word' id='word_1_52' title='bbox 1328 1114 1460 1200; x_wconf 92' lang='lat' dir='ltr'>pecunia</span> <span class='ocrx_word' id='word_1_53' title='bbox 1482 1123 1514 1178; x_wconf 92' lang='lat' dir='ltr'>et</span> <span class='ocrx_word' id='word_1_54' title='bbox 1536 1114 1570 1178; x_wconf 92' lang='lat' dir='ltr'>in</span> 
     </span>
     <span class='ocr_line' id='line_1_8' title="bbox 460 1216 1571 1303; baseline -0.002 -21"><span class='ocrx_word' id='word_1_55' title='bbox 460 1217 564 1282; x_wconf 86' lang='lat' dir='ltr'>Sticho</span> <span class='ocrx_word' id='word_1_56' title='bbox 588 1216 666 1282; x_wconf 93' lang='lat' dir='ltr'>illud</span> <span class='ocrx_word' id='word_1_57' title='bbox 690 1239 854 1284; x_wconf 88' lang='lat' dir='ltr'>commune</span> <span class='ocrx_word' id='word_1_58' title='bbox 877 1226 933 1295; x_wconf 88' lang='lat' dir='ltr'>est,</span> <span class='ocrx_word' id='word_1_59' title='bbox 958 1220 1040 1302; x_wconf 92' lang='lat' dir='ltr'>quod</span> <span class='ocrx_word' id='word_1_60' title='bbox 1062 1217 1231 1303; x_wconf 90' lang='lat' dir='ltr'>promissor</span> <span class='ocrx_word' id='word_1_61' title='bbox 1253 1219 1286 1282; x_wconf 91' lang='lat' dir='ltr'>in</span> <span class='ocrx_word' id='word_1_62' title='bbox 1306 1216 1480 1302; x_wconf 90' lang='lat' dir='ltr'>praesentia</span> <span class='ocrx_word' id='word_1_63' title='bbox 1496 1217 1571 1280; x_wconf 88' lang='lat' dir='ltr'>dare</span> 
     </span>
     <span class='ocr_line' id='line_1_9' title="bbox 460 1319 1570 1406; baseline -0.002 -22"><span class='ocrx_word' id='word_1_64' title='bbox 460 1343 522 1385; x_wconf 94' lang='lat' dir='ltr'>non</span> <span class='ocrx_word' id='word_1_65' title='bbox 545 1329 655 1405; x_wconf 87' lang='lat' dir='ltr'>potest.</span> <span class='ocrx_word' id='word_1_66' title='bbox 690 1329 722 1386; x_wconf 89' lang='lat' dir='ltr'>et</span> <span class='ocrx_word' id='word_1_67' title='bbox 744 1322 929 1406; x_wconf 79' lang='lat' dir='ltr'>generaliter</span> <span class='ocrx_word' id='word_1_68' title='bbox 952 1341 1045 1386; x_wconf 90' lang='lat' dir='ltr'>causa</span> <span class='ocrx_word' id='word_1_69' title='bbox 1068 1321 1262 1385; x_wconf 87' lang='lat' dir='ltr'>difficultatis</span> <span class='ocrx_word' id='word_1_70' title='bbox 1281 1320 1322 1385; x_wconf 89' lang='lat' dir='ltr'>ad</span> <span class='ocrx_word' id='word_1_71' title='bbox 1337 1319 1570 1384; x_wconf 91' lang='lat' dir='ltr'>incommodum</span> 
     </span>
     <span class='ocr_line' id='line_1_10' title="bbox 459 1423 1570 1510; baseline -0.001 -23"><span class='ocrx_word' id='word_1_72' title='bbox 459 1423 666 1509; x_wconf 89' lang='lat' dir='ltr'>promissoris,</span> <span class='ocrx_word' id='word_1_73' title='bbox 693 1446 755 1489; x_wconf 95' lang='lat' dir='ltr'>non</span> <span class='ocrx_word' id='word_1_74' title='bbox 782 1425 822 1488; x_wconf 91' lang='lat' dir='ltr'>ad</span> <span class='ocrx_word' id='word_1_75' title='bbox 848 1425 1110 1510; x_wconf 89' lang='lat' dir='ltr'>impedimentum</span> <span class='ocrx_word' id='word_1_76' title='bbox 1137 1424 1332 1510; x_wconf 86' lang='lat' dir='ltr'>stipulatoris</span> <span class='ocrx_word' id='word_1_77' title='bbox 1354 1423 1500 1507; x_wconf 88' lang='lat' dir='ltr'>pertinet,</span> <span class='ocrx_word' id='word_1_78' title='bbox 1530 1444 1570 1486; x_wconf 93' lang='lat' dir='ltr'>ne</span> 
     </span>
     <span class='ocr_line' id='line_1_11' title="bbox 460 1526 1569 1612; baseline -0.001 -22"><span class='ocrx_word' id='word_1_79' title='bbox 460 1526 590 1610; x_wconf 91' lang='lat' dir='ltr'>incipiat</span> <span class='ocrx_word' id='word_1_80' title='bbox 617 1527 678 1590; x_wconf 93' lang='lat' dir='ltr'>dici</span> <span class='ocrx_word' id='word_1_81' title='bbox 706 1548 777 1591; x_wconf 92' lang='lat' dir='ltr'>eum</span> <span class='ocrx_word' id='word_1_82' title='bbox 805 1549 928 1612; x_wconf 90' lang='lat' dir='ltr'>quoqne</span> <span class='ocrx_word' id='word_1_83' title='bbox 956 1527 1029 1592; x_wconf 89' lang='lat' dir='ltr'>dare</span> <span class='ocrx_word' id='word_1_84' title='bbox 1051 1549 1113 1591; x_wconf 88' lang='lat' dir='ltr'>non</span> <span class='ocrx_word' id='word_1_85' title='bbox 1136 1547 1237 1612; x_wconf 91' lang='lat' dir='ltr'>posse,</span> <span class='ocrx_word' id='word_1_86' title='bbox 1266 1527 1321 1610; x_wconf 91' lang='lat' dir='ltr'>qui</span> <span class='ocrx_word' id='word_1_87' title='bbox 1343 1526 1481 1592; x_wconf 91' lang='lat' dir='ltr'>alienum</span> <span class='ocrx_word' id='word_1_88' title='bbox 1503 1546 1569 1590; x_wconf 90' lang='lat' dir='ltr'>ser-</span> 
     </span>
     <span class='ocr_line' id='line_1_12' title="bbox 459 1629 1366 1715; baseline 0 -22"><span class='ocrx_word' id='word_1_89' title='bbox 459 1651 544 1710; x_wconf 86' lang='lat' dir='ltr'>vum,</span> <span class='ocrx_word' id='word_1_90' title='bbox 567 1651 660 1714; x_wconf 91' lang='lat' dir='ltr'>quem</span> <span class='ocrx_word' id='word_1_91' title='bbox 684 1629 827 1695; x_wconf 90' lang='lat' dir='ltr'>dominus</span> <span class='ocrx_word' id='word_1_92' title='bbox 849 1652 912 1694; x_wconf 94' lang='lat' dir='ltr'>non</span> <span class='ocrx_word' id='word_1_93' title='bbox 934 1631 1059 1710; x_wconf 88' lang='lat' dir='ltr'>vendat,</span> <span class='ocrx_word' id='word_1_94' title='bbox 1083 1630 1157 1694; x_wconf 92' lang='lat' dir='ltr'>dare</span> <span class='ocrx_word' id='word_1_95' title='bbox 1179 1629 1366 1715; x_wconf 90' lang='lat' dir='ltr'>promiserit.</span> 
     </span>
    </p>
   </div>
   <div class='ocr_carea' id='block_1_3' title="bbox 352 1764 1019 1848">
    <p class='ocr_par' dir='ltr' id='par_1_3' title="bbox 352 1764 1019 1848">
     <span class='ocr_line' id='line_1_13' title="bbox 352 1764 1019 1848; baseline 0.001 -18"><span class='ocrx_word' id='word_1_96' title='bbox 352 1764 424 1830; x_wconf 91' lang='grc'><strong>341.</strong></span> <span class='ocrx_word' id='word_1_97' title='bbox 461 1765 486 1831; x_wconf 95' lang='grc'>1.</span> <span class='ocrx_word' id='word_1_98' title='bbox 503 1765 545 1832; x_wconf 78' lang='grc'>32</span> <span class='ocrx_word' id='word_1_99' title='bbox 566 1784 621 1848; x_wconf 89' lang='lat' dir='ltr'>pr.</span> <span class='ocrx_word' id='word_1_100' title='bbox 643 1765 724 1846; x_wconf 80' lang='lat' dir='ltr'>mg.</span> <span class='ocrx_word' id='word_1_101' title='bbox 748 1765 791 1832; x_wconf 90' lang='lat' dir='ltr'>do</span> <span class='ocrx_word' id='word_1_102' title='bbox 814 1782 911 1831; x_wconf 85' lang='lat' dir='ltr'>usur.</span> <span class='ocrx_word' id='word_1_103' title='bbox 927 1767 980 1848; x_wconf 79' lang='lat'>22,</span> <span class='ocrx_word' id='word_1_104' title='bbox 991 1764 1019 1831; x_wconf 91' lang='lat'>1.</span> 
     </span>
    </p>
   </div>
   <div class='ocr_carea' id='block_1_4' title="bbox 459 1884 1571 2690">
    <p class='ocr_par' dir='ltr' id='par_1_4' title="bbox 459 1884 1571 2690">
     <span class='ocr_line' id='line_1_14' title="bbox 502 1884 1571 1971; baseline -0.001 -21"><span class='ocrx_word' id='word_1_105' title='bbox 502 1887 685 1952; x_wconf 76' lang='lat' dir='ltr'>Marcianas</span> <span class='ocrx_word' id='word_1_106' title='bbox 711 1885 788 1948; x_wconf 80' lang='lat' dir='ltr'>libro</span> <span class='ocrx_word' id='word_1_107' title='bbox 815 1897 925 1970; x_wconf 81' lang='lat' dir='ltr'>quarto</span> <span class='ocrx_word' id='word_1_108' title='bbox 952 1886 1133 1971; x_wconf 75' lang='lat' dir='ltr'>repuleram</span> <span class='ocrx_word' id='word_1_109' title='bbox 1177 1886 1264 1950; x_wconf 90' lang='lat' dir='ltr'>Mora</span> <span class='ocrx_word' id='word_1_110' title='bbox 1289 1885 1357 1949; x_wconf 85' lang='lat' dir='ltr'>fieri</span> <span class='ocrx_word' id='word_1_111' title='bbox 1380 1884 1571 1969; x_wconf 86' lang='lat' dir='ltr'>intellegitur</span> 
     </span>
     <span class='ocr_line' id='line_1_15' title="bbox 459 1989 1569 2075; baseline -0.001 -21"><span class='ocrx_word' id='word_1_112' title='bbox 459 2011 522 2054; x_wconf 94' lang='lat' dir='ltr'>non</span> <span class='ocrx_word' id='word_1_113' title='bbox 550 2011 589 2053; x_wconf 84' lang='lat' dir='ltr'>ex</span> <span class='ocrx_word' id='word_1_114' title='bbox 611 2010 653 2069; x_wconf 89' lang='lat' dir='ltr'>re,</span> <span class='ocrx_word' id='word_1_115' title='bbox 682 1989 736 2053; x_wconf 91' lang='lat' dir='ltr'>sed</span> <span class='ocrx_word' id='word_1_116' title='bbox 760 2011 799 2053; x_wconf 84' lang='lat' dir='ltr'>ex</span> <span class='ocrx_word' id='word_1_117' title='bbox 822 2011 963 2074; x_wconf 91' lang='lat' dir='ltr'>persona,</span> <span class='ocrx_word' id='word_1_118' title='bbox 992 1989 1104 2069; x_wconf 88' lang='lat' dir='ltr'>idest,</span> <span class='ocrx_word' id='word_1_119' title='bbox 1128 1990 1156 2054; x_wconf 91' lang='lat' dir='ltr'>si</span> <span class='ocrx_word' id='word_1_120' title='bbox 1179 1989 1395 2075; x_wconf 88' lang='lat' dir='ltr'>interpellatus</span> <span class='ocrx_word' id='word_1_121' title='bbox 1419 1997 1569 2073; x_wconf 92' lang='lat' dir='ltr'>oportuno</span> 
     </span>
     <span class='ocr_line' id='line_1_16' title="bbox 461 2092 1568 2177; baseline 0 -22"><span class='ocrx_word' id='word_1_122' title='bbox 461 2092 527 2155; x_wconf 91' lang='lat' dir='ltr'>loco</span> <span class='ocrx_word' id='word_1_123' title='bbox 554 2114 617 2156; x_wconf 92' lang='lat' dir='ltr'>non</span> <span class='ocrx_word' id='word_1_124' title='bbox 645 2092 787 2156; x_wconf 88' lang='lat' dir='ltr'>solverit:</span> <span class='ocrx_word' id='word_1_125' title='bbox 821 2093 903 2177; x_wconf 93' lang='lat' dir='ltr'>quod</span> <span class='ocrx_word' id='word_1_126' title='bbox 930 2093 1013 2177; x_wconf 90' lang='lat' dir='ltr'>apud</span> <span class='ocrx_word' id='word_1_127' title='bbox 1040 2093 1175 2158; x_wconf 91' lang='lat' dir='ltr'>iudicem</span> <span class='ocrx_word' id='word_1_128' title='bbox 1204 2092 1450 2157; x_wconf 87' lang='lat' dir='ltr'>examinabitur:</span> <span class='ocrx_word' id='word_1_129' title='bbox 1485 2114 1568 2174; x_wconf 88' lang='lat' dir='ltr'>nam,</span> 
     </span>
     <span class='ocr_line' id='line_1_17' title="bbox 459 2194 1569 2281; baseline 0.001 -23"><span class='ocrx_word' id='word_1_130' title='bbox 459 2204 494 2258; x_wconf 93' lang='lat' dir='ltr'>ut</span> <span class='ocrx_word' id='word_1_131' title='bbox 521 2201 552 2258; x_wconf 89' lang='lat' dir='ltr'>et</span> <span class='ocrx_word' id='word_1_132' title='bbox 574 2194 764 2280; x_wconf 92' lang='lat' dir='ltr'>Pomponius</span> <span class='ocrx_word' id='word_1_133' title='bbox 787 2195 866 2258; x_wconf 89' lang='lat' dir='ltr'>libro</span> <span class='ocrx_word' id='word_1_134' title='bbox 891 2195 1073 2260; x_wconf 89' lang='lat' dir='ltr'>duodecimo</span> <span class='ocrx_word' id='word_1_135' title='bbox 1097 2196 1302 2281; x_wconf 87' lang='lat' dir='ltr'>epistularum</span> <span class='ocrx_word' id='word_1_136' title='bbox 1325 2195 1458 2280; x_wconf 83' lang='lat' dir='ltr'>scripsit,</span> <span class='ocrx_word' id='word_1_137' title='bbox 1487 2195 1569 2259; x_wconf 88' lang='lat' dir='ltr'>dilli-</span> 
     </span>
     <span class='ocr_line' id='line_1_18' title="bbox 460 2297 1569 2383; baseline 0.001 -21"><span class='ocrx_word' id='word_1_138' title='bbox 460 2298 527 2362; x_wconf 90' lang='lat' dir='ltr'>cilis</span> <span class='ocrx_word' id='word_1_139' title='bbox 550 2305 597 2361; x_wconf 89' lang='lat' dir='ltr'>est</span> <span class='ocrx_word' id='word_1_140' title='bbox 618 2297 711 2361; x_wconf 88' lang='lat' dir='ltr'>huius</span> <span class='ocrx_word' id='word_1_141' title='bbox 735 2298 779 2362; x_wconf 90' lang='lat' dir='ltr'>rei</span> <span class='ocrx_word' id='word_1_142' title='bbox 802 2298 951 2362; x_wconf 88' lang='lat' dir='ltr'>delinitio.</span> <span class='ocrx_word' id='word_1_143' title='bbox 997 2298 1086 2362; x_wconf 90' lang='lat' dir='ltr'>divus</span> <span class='ocrx_word' id='word_1_144' title='bbox 1109 2320 1232 2383; x_wconf 92' lang='lat' dir='ltr'>quoque</span> <span class='ocrx_word' id='word_1_145' title='bbox 1255 2299 1329 2362; x_wconf 87' lang='lat' dir='ltr'>Pius</span> <span class='ocrx_word' id='word_1_146' title='bbox 1345 2299 1449 2364; x_wconf 85' lang='lat' dir='ltr'>Tullio</span> <span class='ocrx_word' id='word_1_147' title='bbox 1471 2300 1569 2363; x_wconf 92' lang='lat' dir='ltr'>Balbo</span> 
     </span>
     <span class='ocr_line' id='line_1_19' title="bbox 459 2399 1571 2485; baseline 0.001 -20"><span class='ocrx_word' id='word_1_148' title='bbox 459 2399 626 2484; x_wconf 84' lang='lat' dir='ltr'>rescripsit,</span> <span class='ocrx_word' id='word_1_149' title='bbox 650 2422 690 2464; x_wconf 91' lang='lat' dir='ltr'>an</span> <span class='ocrx_word' id='word_1_150' title='bbox 714 2423 801 2466; x_wconf 90' lang='lat' dir='ltr'>mora</span> <span class='ocrx_word' id='word_1_151' title='bbox 822 2403 905 2465; x_wconf 89' lang='lat' dir='ltr'>facta</span> <span class='ocrx_word' id='word_1_152' title='bbox 919 2402 1126 2484; x_wconf 87' lang='lat' dir='ltr'>intellegatur,</span> <span class='ocrx_word' id='word_1_153' title='bbox 1150 2422 1251 2485; x_wconf 90' lang='lat' dir='ltr'>neque</span> <span class='ocrx_word' id='word_1_154' title='bbox 1268 2403 1490 2467; x_wconf 89' lang='lat' dir='ltr'>constitutione</span> <span class='ocrx_word' id='word_1_155' title='bbox 1506 2402 1571 2466; x_wconf 92' lang='lat' dir='ltr'>ulla</span> 
     </span>
     <span class='ocr_line' id='line_1_20' title="bbox 459 2503 1570 2591; baseline 0.001 -23"><span class='ocrx_word' id='word_1_156' title='bbox 459 2524 560 2586; x_wconf 90' lang='lat' dir='ltr'>neque</span> <span class='ocrx_word' id='word_1_157' title='bbox 582 2503 658 2567; x_wconf 88' lang='lat' dir='ltr'>iuris</span> <span class='ocrx_word' id='word_1_158' title='bbox 681 2512 842 2568; x_wconf 90' lang='lat' dir='ltr'>auctorum</span> <span class='ocrx_word' id='word_1_159' title='bbox 866 2504 1046 2589; x_wconf 91' lang='lat' dir='ltr'>quaestione</span> <span class='ocrx_word' id='word_1_160' title='bbox 1070 2505 1172 2569; x_wconf 90' lang='lat' dir='ltr'>decidi</span> <span class='ocrx_word' id='word_1_161' title='bbox 1194 2526 1292 2591; x_wconf 91' lang='lat' dir='ltr'>posse,</span> <span class='ocrx_word' id='word_1_162' title='bbox 1317 2527 1389 2570; x_wconf 91' lang='lat' dir='ltr'>cum</span> <span class='ocrx_word' id='word_1_163' title='bbox 1410 2505 1452 2568; x_wconf 91' lang='lat' dir='ltr'>sit</span> <span class='ocrx_word' id='word_1_164' title='bbox 1472 2505 1570 2588; x_wconf 86' lang='lat' dir='ltr'>magis</span> 
     </span>
     <span class='ocr_line' id='line_1_21' title="bbox 459 2607 759 2690; baseline 0.003 -19"><span class='ocrx_word' id='word_1_165' title='bbox 459 2607 533 2672; x_wconf 89' lang='lat' dir='ltr'>facti</span> <span class='ocrx_word' id='word_1_166' title='bbox 556 2628 650 2690; x_wconf 90' lang='lat' dir='ltr'>quam</span> <span class='ocrx_word' id='word_1_167' title='bbox 673 2607 759 2672; x_wconf 90' lang='lat' dir='ltr'>iuris.</span> 
     </span>
    </p>
   </div>
   <div class='ocr_carea' id='block_1_5' title="bbox 352 2741 974 2828">
    <p class='ocr_par' dir='ltr' id='par_1_5' title="bbox 352 2741 974 2828">
     <span class='ocr_line' id='line_1_22' title="bbox 352 2741 974 2828; baseline 0.002 -20"><span class='ocrx_word' id='word_1_168' title='bbox 352 2741 426 2808; x_wconf 80' lang='lat'>342.</span> <span class='ocrx_word' id='word_1_169' title='bbox 453 2743 478 2808; x_wconf 91' lang='lat' dir='ltr'>l.</span> <span class='ocrx_word' id='word_1_170' title='bbox 495 2741 579 2825; x_wconf 84' lang='lat'>24,2</span> <span class='ocrx_word' id='word_1_171' title='bbox 601 2743 681 2824; x_wconf 83' lang='lat' dir='ltr'>Dig.</span> <span class='ocrx_word' id='word_1_172' title='bbox 704 2743 748 2810; x_wconf 89' lang='lat' dir='ltr'>de</span> <span class='ocrx_word' id='word_1_173' title='bbox 770 2760 868 2810; x_wconf 88' lang='lat' dir='ltr'>usur.</span> <span class='ocrx_word' id='word_1_174' title='bbox 884 2746 935 2828; x_wconf 83' lang='lat'>22,</span> <span class='ocrx_word' id='word_1_175' title='bbox 948 2743 974 2809; x_wconf 94' lang='lat' dir='ltr'>l.</span> 
     </span>
    </p>
   </div>
   <div class='ocr_carea' id='block_1_6' title="bbox 455 2863 1569 3567">
    <p class='ocr_par' dir='ltr' id='par_1_6' title="bbox 455 2863 1569 3567">
     <span class='ocr_line' id='line_1_23' title="bbox 501 2863 1569 2949; baseline 0.004 -23"><span class='ocrx_word' id='word_1_176' title='bbox 501 2863 624 2926; x_wconf 80' lang='lat' dir='ltr'>Paulus</span> <span class='ocrx_word' id='word_1_177' title='bbox 650 2863 727 2926; x_wconf 81' lang='lat' dir='ltr'>labro</span> <span class='ocrx_word' id='word_1_178' title='bbox 755 2866 906 2948; x_wconf 68' lang='grc'><strong>1119001010</strong></span> <span class='ocrx_word' id='word_1_179' title='bbox 932 2868 1060 2949; x_wconf 79' lang='lat' dir='ltr'>septimo</span> <span class='ocrx_word' id='word_1_180' title='bbox 1086 2865 1129 2927; x_wconf 84' lang='lat' dir='ltr'>od</span> <span class='ocrx_word' id='word_1_181' title='bbox 1152 2867 1285 2928; x_wconf 76' lang='lat' dir='ltr'>edietum</span> <span class='ocrx_word' id='word_1_182' title='bbox 1332 2866 1420 2930; x_wconf 87' lang='lat' dir='ltr'>Mora</span> <span class='ocrx_word' id='word_1_183' title='bbox 1445 2866 1569 2931; x_wconf 89' lang='lat' dir='ltr'>videtur</span> 
     </span>
     <span class='ocr_line' id='line_1_24' title="bbox 458 2965 1569 3052; baseline 0.004 -24"><span class='ocrx_word' id='word_1_184' title='bbox 458 2965 602 3030; x_wconf 89' lang='lat' dir='ltr'>creditori</span> <span class='ocrx_word' id='word_1_185' title='bbox 630 2966 705 3044; x_wconf 89' lang='lat' dir='ltr'>fieri,</span> <span class='ocrx_word' id='word_1_186' title='bbox 734 2966 800 3030; x_wconf 90' lang='lat' dir='ltr'>sive</span> <span class='ocrx_word' id='word_1_187' title='bbox 826 2967 886 3052; x_wconf 89' lang='lat' dir='ltr'>ipsi</span> <span class='ocrx_word' id='word_1_188' title='bbox 913 2968 979 3032; x_wconf 88' lang='lat' dir='ltr'>sive</span> <span class='ocrx_word' id='word_1_189' title='bbox 1007 2968 1035 3031; x_wconf 90' lang='lat' dir='ltr'>ei</span> <span class='ocrx_word' id='word_1_190' title='bbox 1063 2967 1114 3031; x_wconf 91' lang='lat' dir='ltr'>cui</span> <span class='ocrx_word' id='word_1_191' title='bbox 1141 2967 1344 3032; x_wconf 89' lang='lat' dir='ltr'>mandaverat</span> <span class='ocrx_word' id='word_1_192' title='bbox 1373 2970 1440 3033; x_wconf 89' lang='lat' dir='ltr'>sive</span> <span class='ocrx_word' id='word_1_193' title='bbox 1463 2970 1492 3033; x_wconf 95' lang='lat' dir='ltr'>ei</span> <span class='ocrx_word' id='word_1_194' title='bbox 1515 2970 1569 3052; x_wconf 88' lang='lat' dir='ltr'>qui</span> 
     </span>
     <span class='ocr_line' id='line_1_25' title="bbox 457 3069 1568 3157; baseline 0.003 -25"><span class='ocrx_word' id='word_1_195' title='bbox 457 3069 581 3151; x_wconf 86' lang='lat' dir='ltr'>negotia</span> <span class='ocrx_word' id='word_1_196' title='bbox 604 3069 670 3132; x_wconf 89' lang='lat' dir='ltr'>eius</span> <span class='ocrx_word' id='word_1_197' title='bbox 694 3070 819 3152; x_wconf 80' lang='lat' dir='ltr'>gerebat</span> <span class='ocrx_word' id='word_1_198' title='bbox 841 3092 929 3133; x_wconf 89' lang='lat' dir='ltr'>mora</span> <span class='ocrx_word' id='word_1_199' title='bbox 950 3071 1033 3134; x_wconf 90' lang='lat' dir='ltr'>facta</span> <span class='ocrx_word' id='word_1_200' title='bbox 1055 3071 1110 3134; x_wconf 92' lang='lat' dir='ltr'>sit:</span> <span class='ocrx_word' id='word_1_201' title='bbox 1135 3091 1191 3134; x_wconf 91' lang='lat' dir='ltr'>nec</span> <span class='ocrx_word' id='word_1_202' title='bbox 1206 3072 1263 3136; x_wconf 91' lang='lat' dir='ltr'>hoo</span> <span class='ocrx_word' id='word_1_203' title='bbox 1279 3093 1352 3136; x_wconf 89' lang='lat' dir='ltr'>casu</span> <span class='ocrx_word' id='word_1_204' title='bbox 1367 3093 1422 3157; x_wconf 92' lang='lat' dir='ltr'>per</span> <span class='ocrx_word' id='word_1_205' title='bbox 1436 3072 1568 3136; x_wconf 89' lang='lat' dir='ltr'>liberam</span> 
     </span>
     <span class='ocr_line' id='line_1_26' title="bbox 457 3171 1567 3258; baseline 0.004 -24"><span class='ocrx_word' id='word_1_206' title='bbox 457 3191 620 3252; x_wconf 91' lang='lat' dir='ltr'>personam</span> <span class='ocrx_word' id='word_1_207' title='bbox 647 3171 768 3254; x_wconf 89' lang='lat' dir='ltr'>adquiri</span> <span class='ocrx_word' id='word_1_208' title='bbox 797 3171 931 3253; x_wconf 89' lang='lat' dir='ltr'>videtur,</span> <span class='ocrx_word' id='word_1_209' title='bbox 958 3172 1011 3237; x_wconf 91' lang='lat' dir='ltr'>sed</span> <span class='ocrx_word' id='word_1_210' title='bbox 1040 3173 1176 3237; x_wconf 87' lang='lat' dir='ltr'>officium</span> <span class='ocrx_word' id='word_1_211' title='bbox 1205 3173 1338 3258; x_wconf 91' lang='lat' dir='ltr'>impleri,</span> <span class='ocrx_word' id='word_1_212' title='bbox 1367 3172 1468 3253; x_wconf 90' lang='lat' dir='ltr'>sicuti,</span> <span class='ocrx_word' id='word_1_213' title='bbox 1497 3196 1567 3238; x_wconf 92' lang='lat' dir='ltr'>cum</span> 
     </span>
     <span class='ocr_line' id='line_1_27' title="bbox 457 3272 1567 3360; baseline 0.002 -23"><span class='ocrx_word' id='word_1_214' title='bbox 457 3272 526 3357; x_wconf 90' lang='lat' dir='ltr'>quis</span> <span class='ocrx_word' id='word_1_215' title='bbox 542 3274 661 3337; x_wconf 86' lang='lat' dir='ltr'>furtum</span> <span class='ocrx_word' id='word_1_216' title='bbox 676 3273 755 3337; x_wconf 92' lang='lat' dir='ltr'>mihi</span> <span class='ocrx_word' id='word_1_217' title='bbox 770 3275 936 3339; x_wconf 86' lang='lat' dir='ltr'>facientem</span> <span class='ocrx_word' id='word_1_218' title='bbox 953 3275 1166 3360; x_wconf 89' lang='lat' dir='ltr'>deprehendit,</span> <span class='ocrx_word' id='word_1_219' title='bbox 1182 3276 1342 3358; x_wconf 82' lang='lat' dir='ltr'>negotium</span> <span class='ocrx_word' id='word_1_220' title='bbox 1353 3296 1457 3340; x_wconf 87' lang='lat' dir='ltr'>meum</span> <span class='ocrx_word' id='word_1_221' title='bbox 1475 3295 1567 3359; x_wconf 84' lang='lat' dir='ltr'>agens</span> 
     </span>
     <span class='ocr_line' id='line_1_28' title="bbox 455 3377 1565 3469; baseline 0.004 -31"><span class='ocrx_word' id='word_1_222' title='bbox 455 3377 613 3440; x_wconf 86' lang='lat' dir='ltr'>manifesti</span> <span class='ocrx_word' id='word_1_223' title='bbox 630 3377 706 3440; x_wconf 93' lang='lat' dir='ltr'>furti</span> <span class='ocrx_word' id='word_1_224' title='bbox 721 3377 876 3442; x_wconf 87' lang='lat' dir='ltr'>actionem</span> <span class='ocrx_word' id='word_1_225' title='bbox 890 3378 968 3441; x_wconf 91' lang='lat' dir='ltr'>mihi</span> <span class='ocrx_word' id='word_1_226' title='bbox 983 3385 1087 3462; x_wconf 87' lang='lat' dir='ltr'>parat:</span> <span class='ocrx_word' id='word_1_227' title='bbox 1105 3378 1179 3442; x_wconf 92' lang='lat' dir='ltr'>item</span> <span class='ocrx_word' id='word_1_228' title='bbox 1196 3400 1265 3442; x_wconf 91' lang='lat' dir='ltr'>cum</span> <span class='ocrx_word' id='word_1_229' title='bbox 1278 3387 1459 3464; x_wconf 89' lang='lat' dir='ltr'>procurator</span> <span class='ocrx_word' id='word_1_230' title='bbox 1470 3379 1565 3469; x_wconf 78' lang='lat' dir='ltr'>inter-</span> 
     </span>
     <span class='ocr_line' id='line_1_29' title="bbox 456 3470 1564 3567; baseline 0 -25"><span class='ocrx_word' id='word_1_231' title='bbox 456 3479 621 3563; x_wconf 89' lang='lat' dir='ltr'>pellaverit</span> <span class='ocrx_word' id='word_1_232' title='bbox 636 3481 856 3563; x_wconf 90' lang='lat' dir='ltr'>promissorem</span> <span class='ocrx_word' id='word_1_233' title='bbox 870 3479 1015 3563; x_wconf 83' lang='lat' dir='ltr'>hominia,</span> <span class='ocrx_word' id='word_1_234' title='bbox 1032 3490 1215 3567; x_wconf 89' lang='lat' dir='ltr'>perpetuam</span> <span class='ocrx_word' id='word_1_235' title='bbox 1230 3483 1307 3545; x_wconf 91' lang='lat' dir='ltr'>facit</span> <span class='ocrx_word' id='word_1_236' title='bbox 1322 3470 1564 3567; x_wconf 86' lang='lat' dir='ltr'>stipulationem.</span> 
     </span>
    </p>
   </div>
   <div class='ocr_carea' id='block_1_7' title="bbox 349 3628 1248 3715">
    <p class='ocr_par' dir='ltr' id='par_1_7' title="bbox 349 3628 1248 3715">
     <span class='ocr_line' id='line_1_30' title="bbox 349 3628 1248 3715; baseline 0.007 -22"><span class='ocrx_word' id='word_1_237' title='bbox 349 3628 424 3695; x_wconf 88' lang='grc'><strong>343.</strong></span> <span class='ocrx_word' id='word_1_238' title='bbox 441 3629 488 3696; x_wconf 84' lang='grc'>’0.</span> <span class='ocrx_word' id='word_1_239' title='bbox 503 3628 547 3693; x_wconf 85' lang='lat'>10</span> <span class='ocrx_word' id='word_1_240' title='bbox 570 3629 652 3696; x_wconf 78' lang='lat' dir='ltr'>cod.</span> <span class='ocrx_word' id='word_1_241' title='bbox 675 3629 718 3697; x_wconf 90' lang='lat' dir='ltr'>de</span> <span class='ocrx_word' id='word_1_242' title='bbox 741 3631 809 3697; x_wconf 88' lang='lat' dir='ltr'>act.</span> <span class='ocrx_word' id='word_1_243' title='bbox 832 3633 943 3714; x_wconf 88' lang='lat' dir='ltr'>empti</span> <span class='ocrx_word' id='word_1_244' title='bbox 966 3633 1002 3698; x_wconf 93' lang='lat' dir='ltr'>et</span> <span class='ocrx_word' id='word_1_245' title='bbox 1023 3633 1124 3699; x_wconf 87' lang='lat' dir='ltr'>vend.</span> <span class='ocrx_word' id='word_1_246' title='bbox 1147 3633 1180 3715; x_wconf 83' lang='lat'>4,</span> <span class='ocrx_word' id='word_1_247' title='bbox 1191 3633 1248 3699; x_wconf 84' lang='grc'>49.</span> 
     </span>
    </p>
   </div>
   <div class='ocr_carea' id='block_1_8' title="bbox 455 3751 1566 4252">
    <p class='ocr_par' dir='ltr' id='par_1_8' title="bbox 455 3751 1566 4252">
     <span class='ocr_line' id='line_1_31' title="bbox 499 3751 1566 3836; baseline 0.004 -23"><span class='ocrx_word' id='word_1_248' title='bbox 499 3751 600 3836; x_wconf 83' lang='lat' dir='ltr'>Impp.</span> <span class='ocrx_word' id='word_1_249' title='bbox 618 3751 831 3816; x_wconf 80' lang='lat' dir='ltr'>Diocletianus</span> <span class='ocrx_word' id='word_1_250' title='bbox 852 3765 880 3816; x_wconf 82' lang='lat' dir='ltr'>et</span> <span class='ocrx_word' id='word_1_251' title='bbox 895 3755 1113 3817; x_wconf 80' lang='lat' dir='ltr'>Maaima&#39;anus</span> <span class='ocrx_word' id='word_1_252' title='bbox 1135 3756 1210 3818; x_wconf 82' lang='lat' dir='ltr'>AA.</span> <span class='ocrx_word' id='word_1_253' title='bbox 1233 3765 1262 3817; x_wconf 83' lang='lat' dir='ltr'>at</span> <span class='ocrx_word' id='word_1_254' title='bbox 1281 3753 1340 3820; x_wconf 78' lang='lat' dir='ltr'>CC.</span> <span class='ocrx_word' id='word_1_255' title='bbox 1358 3752 1439 3818; x_wconf 80' lang='lat' dir='ltr'>Titio</span> <span class='ocrx_word' id='word_1_256' title='bbox 1460 3755 1566 3818; x_wconf 82' lang='lat' dir='ltr'>Attalo</span> 
     </span>
     <span class='ocr_line' id='line_1_32' title="bbox 456 3852 1566 3943; baseline 0.003 -26"><span class='ocrx_word' id='word_1_257' title='bbox 456 3852 501 3940; x_wconf 87' lang='lat' dir='ltr'>(a.</span> <span class='ocrx_word' id='word_1_258' title='bbox 523 3854 606 3936; x_wconf 80' lang='lat'><em>293)</em></span> <span class='ocrx_word' id='word_1_259' title='bbox 659 3857 736 3920; x_wconf 86' lang='lat' dir='ltr'>Cum</span> <span class='ocrx_word' id='word_1_260' title='bbox 770 3857 964 3922; x_wconf 90' lang='lat' dir='ltr'>venditorem</span> <span class='ocrx_word' id='word_1_261' title='bbox 1000 3858 1101 3922; x_wconf 89' lang='lat' dir='ltr'>carnis</span> <span class='ocrx_word' id='word_1_262' title='bbox 1133 3858 1194 3922; x_wconf 91' lang='lat' dir='ltr'>lide</span> <span class='ocrx_word' id='word_1_263' title='bbox 1228 3859 1442 3923; x_wconf 88' lang='lat' dir='ltr'>conventionis</span> <span class='ocrx_word' id='word_1_264' title='bbox 1475 3866 1566 3943; x_wconf 90' lang='lat' dir='ltr'>rupta</span> 
     </span>
     <span class='ocr_line' id='line_1_33' title="bbox 455 3960 1565 4047; baseline 0.003 -25"><span class='ocrx_word' id='word_1_265' title='bbox 455 3967 594 4043; x_wconf 89' lang='lat' dir='ltr'>tempore</span> <span class='ocrx_word' id='word_1_266' title='bbox 617 3960 731 4045; x_wconf 90' lang='lat' dir='ltr'>placito</span> <span class='ocrx_word' id='word_1_267' title='bbox 755 3960 835 4024; x_wconf 88' lang='lat' dir='ltr'>hanc</span> <span class='ocrx_word' id='word_1_268' title='bbox 857 3982 918 4025; x_wconf 93' lang='lat' dir='ltr'>non</span> <span class='ocrx_word' id='word_1_269' title='bbox 943 3962 1118 4026; x_wconf 86' lang='lat' dir='ltr'>exhibuisse</span> <span class='ocrx_word' id='word_1_270' title='bbox 1140 3983 1304 4047; x_wconf 89' lang='lat' dir='ltr'>proponas,</span> <span class='ocrx_word' id='word_1_271' title='bbox 1324 3963 1426 4047; x_wconf 90' lang='lat' dir='ltr'>empti</span> <span class='ocrx_word' id='word_1_272' title='bbox 1445 3963 1565 4026; x_wconf 86' lang='lat' dir='ltr'>actione</span> 
     </span>
     <span class='ocr_line' id='line_1_34' title="bbox 456 4065 1564 4151; baseline 0.002 -25"><span class='ocrx_word' id='word_1_273' title='bbox 456 4084 527 4126; x_wconf 90' lang='lat' dir='ltr'>eum</span> <span class='ocrx_word' id='word_1_274' title='bbox 561 4065 672 4146; x_wconf 87' lang='lat' dir='ltr'>quanti</span> <span class='ocrx_word' id='word_1_275' title='bbox 705 4066 834 4128; x_wconf 88' lang='lat' dir='ltr'>interest</span> <span class='ocrx_word' id='word_1_276' title='bbox 867 4071 923 4127; x_wconf 89' lang='lat' dir='ltr'>tua</span> <span class='ocrx_word' id='word_1_277' title='bbox 955 4071 1031 4128; x_wconf 90' lang='lat' dir='ltr'>tunc</span> <span class='ocrx_word' id='word_1_278' title='bbox 1064 4065 1123 4129; x_wconf 88' lang='lat' dir='ltr'>tibi</span> <span class='ocrx_word' id='word_1_279' title='bbox 1150 4066 1333 4150; x_wconf 89' lang='lat' dir='ltr'>praestitam</span> <span class='ocrx_word' id='word_1_280' title='bbox 1361 4066 1457 4131; x_wconf 90' lang='lat' dir='ltr'>fuisse</span> <span class='ocrx_word' id='word_1_281' title='bbox 1484 4065 1564 4151; x_wconf 91' lang='lat' dir='ltr'>apud</span> 
     </span>
     <span class='ocr_line' id='line_1_35' title="bbox 455 4165 1141 4252; baseline 0.006 -24"><span class='ocrx_word' id='word_1_282' title='bbox 455 4165 628 4250; x_wconf 88' lang='lat' dir='ltr'>praesidem</span> <span class='ocrx_word' id='word_1_283' title='bbox 651 4167 829 4250; x_wconf 90' lang='lat' dir='ltr'>provinciae</span> <span class='ocrx_word' id='word_1_284' title='bbox 853 4170 1019 4232; x_wconf 87' lang='lat' dir='ltr'>convenire</span> <span class='ocrx_word' id='word_1_285' title='bbox 1042 4176 1141 4252; x_wconf 89' lang='lat' dir='ltr'>potes.</span> 
     </span>
    </p>
   </div>
   <div class='ocr_carea' id='block_1_9' title="bbox 347 4298 1092 4385">
    <p class='ocr_par' dir='ltr' id='par_1_9' title="bbox 347 4298 1092 4385">
     <span class='ocr_line' id='line_1_36' title="bbox 347 4298 1092 4385; baseline 0.003 -21"><span class='ocrx_word' id='word_1_286' title='bbox 347 4298 423 4364; x_wconf 85' lang='grc'><strong>344.</strong></span> <span class='ocrx_word' id='word_1_287' title='bbox 456 4299 553 4365; x_wconf 93' lang='grc'><strong>1.114</strong></span> <span class='ocrx_word' id='word_1_288' title='bbox 576 4301 654 4383; x_wconf 83' lang='lat' dir='ltr'>Dig.</span> <span class='ocrx_word' id='word_1_289' title='bbox 678 4300 721 4368; x_wconf 89' lang='lat' dir='ltr'>de</span> <span class='ocrx_word' id='word_1_290' title='bbox 743 4304 842 4368; x_wconf 86' lang='lat' dir='ltr'>verb.</span> <span class='ocrx_word' id='word_1_291' title='bbox 865 4302 976 4384; x_wconf 84' lang='lat' dir='ltr'>oblig.</span> <span class='ocrx_word' id='word_1_292' title='bbox 997 4301 1092 4385; x_wconf 79' lang='lat'>45,1.</span> 
     </span>
    </p>
   </div>
   <div class='ocr_carea' id='block_1_10' title="bbox 455 4419 1565 4614">
    <p class='ocr_par' dir='ltr' id='par_1_10' title="bbox 455 4419 1565 4614">
     <span class='ocr_line' id='line_1_37' title="bbox 505 4419 1565 4508; baseline 0.005 -24"><span class='ocrx_word' id='word_1_293' title='bbox 505 4419 658 4506; x_wconf 71' lang='lat' dir='ltr'>Ulpiorum</span> <span class='ocrx_word' id='word_1_294' title='bbox 690 4422 767 4485; x_wconf 81' lang='lat' dir='ltr'>libro</span> <span class='ocrx_word' id='word_1_295' title='bbox 799 4426 926 4508; x_wconf 78' lang='lat' dir='ltr'>septimo</span> <span class='ocrx_word' id='word_1_296' title='bbox 958 4424 1075 4486; x_wconf 79' lang='lat' dir='ltr'>decimo</span> <span class='ocrx_word' id='word_1_297' title='bbox 1102 4426 1145 4487; x_wconf 87' lang='lat' dir='ltr'>ad</span> <span class='ocrx_word' id='word_1_298' title='bbox 1171 4423 1326 4489; x_wconf 76' lang='lat' dir='ltr'>Sabinum</span> <span class='ocrx_word' id='word_1_299' title='bbox 1373 4425 1407 4489; x_wconf 86' lang='lat' dir='ltr'>si</span> <span class='ocrx_word' id='word_1_300' title='bbox 1434 4425 1565 4489; x_wconf 90' lang='lat' dir='ltr'>fundum</span> 
     </span>
     <span class='ocr_line' id='line_1_38' title="bbox 455 4526 1564 4614; baseline 0.003 -25"><span class='ocrx_word' id='word_1_301' title='bbox 455 4533 537 4590; x_wconf 89' lang='lat' dir='ltr'>certo</span> <span class='ocrx_word' id='word_1_302' title='bbox 561 4526 611 4590; x_wconf 91' lang='lat' dir='ltr'>die</span> <span class='ocrx_word' id='word_1_303' title='bbox 633 4527 784 4611; x_wconf 86' lang='lat' dir='ltr'>praestari</span> <span class='ocrx_word' id='word_1_304' title='bbox 807 4527 938 4611; x_wconf 92' lang='lat' dir='ltr'>stipuler</span> <span class='ocrx_word' id='word_1_305' title='bbox 960 4533 993 4591; x_wconf 78' lang='lat' dir='ltr'>et</span> <span class='ocrx_word' id='word_1_306' title='bbox 1017 4549 1072 4613; x_wconf 90' lang='lat' dir='ltr'>per</span> <span class='ocrx_word' id='word_1_307' title='bbox 1098 4530 1317 4614; x_wconf 89' lang='lat' dir='ltr'>promissorem</span> <span class='ocrx_word' id='word_1_308' title='bbox 1345 4529 1476 4612; x_wconf 90' lang='lat' dir='ltr'>steterit,</span> <span class='ocrx_word' id='word_1_309' title='bbox 1505 4550 1564 4612; x_wconf 92' lang='lat' dir='ltr'>quo</span> 
     </span>
    </p>
   </div>
   <div class='ocr_carea' id='block_1_11' title="bbox 0 0 1726 5412">
    <p class='ocr_par' dir='ltr' id='par_1_11' title="bbox 0 0 1726 5412">
     <span class='ocr_line' id='line_1_39' title="bbox 0 0 1726 5412; baseline 0 1"><span class='ocrx_word' id='word_1_310' title='bbox 0 0 1726 5412; x_wconf 95' lang='lat' dir='ltr'> </span> 
     </span>
    </p>
   </div>
  </div>
 </body>
</html>
