3442 5412
844 423 1057 487 ...52-

447 601 536 659 tuum
558 602 651 680 putas
673 594 777 674 fuisse,
800 595 827 658 si
849 595 986 659 solutum
1011 615 1080 658 euru
1104 595 1138 658 in
1153 594 1266 660 silvam
1282 594 1498 676 dimississem,
1521 618 1557 661 eo

446 719 520 762 casu
542 704 615 761 tuus
639 719 706 762 esse
729 697 860 764 desisset
882 720 922 762 au
946 699 1107 762 maneret?
1141 705 1172 762 et
1195 719 1290 782 quam
1313 698 1467 764 actionem
1491 720 1556 763 me·

447 821 518 865 cum
540 799 679 881 haberes,
702 801 729 865 si
752 801 883 866 desisset
905 809 978 865 tuus
1001 821 1078 880 esse,
1102 822 1178 865 uum
1200 801 1367 866 infactum
1383 801 1451 866 dari
1467 823 1557 887 opor·

447 911 536 984 teret,
571 925 694 988 quaero.
740 904 913 990 respondit:
948 903 1097 988 laqueum
1118 903 1282 968 videamus
1308 925 1348 969 ne
1374 903 1498 968 intersit
1524 904 1556 967 in

447 1006 571 1090 publico
605 1030 645 1072 au
679 1007 710 1070 iu
746 1009 866 1094 privato
901 1009 1059 1092 posuerim
1092 1014 1133 1090 et,
1167 1007 1195 1072 si
1228 1007 1262 1071 in
1294 1007 1417 1093 privato
1455 1007 1557 1092 posui,

446 1117 551 1174 utrum
574 1110 608 1174 iu
631 1132 700 1175 meo
723 1131 764 1174 an
786 1110 819 1175 iu
843 1109 954 1193 alieno,
978 1118 1018 1190 et,
1042 1111 1124 1175 siin
1147 1110 1259 1191 alieno,
1283 1117 1387 1174 utrum
1404 1109 1557 1194 permissu

448 1213 514 1277 eius
537 1213 624 1277 cuius
647 1213 762 1280 fundus
786 1222 853 1278 erat
875 1236 915 1278 an
937 1235 999 1278 uon
1023 1214 1176 1298 permissu
1192 1214 1258 1277 eius
1274 1213 1444 1299 posuerim:
1466 1234 1557 1296 prae·

448 1323 533 1384 terea
554 1323 660 1379 utrum
683 1317 716 1381 iu
740 1338 775 1381 eo
799 1317 844 1380 ita
866 1316 1000 1381 haeserit
1015 1337 1097 1400 aper,
1120 1325 1157 1380 ut
1171 1315 1317 1402 expedire
1333 1335 1365 1380 se
1381 1337 1442 1380 nou
1459 1315 1557 1401 possit

446 1419 524 1503 ipse,
559 1440 599 1482 an
631 1417 749 1482 diutius
782 1418 930 1483 luctando
961 1419 1161 1503 expediturus
1188 1440 1220 1483 se
1248 1419 1352 1483 fuerit
1401 1438 1556 1482 summam

448 1532 554 1585 tamen
581 1521 662 1584 hauc
690 1527 764 1604 puto
788 1542 865 1602 esse,
893 1529 938 1601 ut,
966 1521 993 1585 si
1014 1520 1047 1585 iu
1069 1542 1172 1585 meam
1196 1528 1381 1605 potestatem
1405 1520 1557 1605 pervenit,

446 1645 534 1688 meus
561 1625 661 1688 factus
694 1623 745 1688 sit.
791 1625 840 1688 sin
874 1631 978 1688 autem
1007 1645 1119 1708 aprum
1146 1645 1250 1688 meum
1278 1624 1378 1687 ferum
1406 1623 1438 1687 in
1467 1643 1555 1686 suam

446 1726 621 1791 naturalem
645 1725 808 1790 laxitatem
832 1725 1017 1790 dimississes
1034 1732 1064 1790 et
1080 1745 1115 1790 eo
1131 1726 1213 1789 facto
1230 1743 1317 1790 meus
1334 1745 1400 1789 esse
1416 1725 1556 1805 desisset,

445 1829 600 1894 actionem
623 1829 700 1893 mihi
723 1825 756 1894 in
779 1831 897 1893 fectum
919 1828 987 1892 dari
1010 1837 1159 1914 oportere,
1183 1829 1281 1893 relati
1300 1848 1482 1913 responsum
1499 1835 1556 1907 est,

448 1954 518 1997 cum
543 1932 670 2017 quidam
694 1929 840 2018 poculum
863 1931 991 1997 alterius
1014 1954 1051 1996 cx
1074 1931 1327 1997 nave-eiecisset.

339 2086 416 2153 234.
443 2085 574 2154 Paulus
598 2085 695 2154 sont.
719 2088 747 2152 V
770 2086 842 2170 2,1.

489 2207 717 2273 possessionem
740 2207 933 2291 adquirimus
949 2215 979 2272 et
995 2209 1099 2272 auimo
1116 2216 1147 2272 et
1163 2229 1303 2292 corpore:
1327 2206 1431 2272 animo
1448 2205 1558 2290 utique

448 2317 565 2392 nostro,
590 2332 716 2394 corpore
739 2311 788 2374 vel
810 2319 915 2375 nostro
939 2311 988 2374 vel
1012 2311 1124 2376 alieno.

339 2469 413 2534 235.
441 2468 466 2533 l.
482 2468 515 2549 3,
529 2469 564 2532 12
585 2467 666 2549 Ilig.
690 2467 733 2535 de
756 2468 834 2548 adq.
857 2467 913 2534 rel
937 2467 1050 2534 amitt.
1073 2484 1168 2552 poss
1184 2467 1235 2551 41,
1247 2469 1279 2532 2.

489 2585 611 2652 Paulus
639 2589 716 2652 libro
743 2591 1017 2674 quinquepartitae
1041 2601 1152 2674 quarto
1176 2589 1219 2652 ad
1239 2589 1370 2652 edictum
1415 2589 1558 2653 Ceterum

448 2693 552 2756 auimo
576 2699 690 2775 nostro,
715 2714 840 2777 corpore
863 2687 959 2758 etiam
980 2693 1080 2757 alieno
1096 2692 1301 2778 possidemus,
1325 2691 1407 2754 sicut
1423 2689 1560 2754 diximus

446 2817 501 2880 per
524 2795 667 2860 colonum
691 2802 722 2859 et
745 2817 878 2878 serrum,
902 2817 959 2860 uec
973 2816 1097 2860 morere
1113 2816 1168 2861 nos
1184 2795 1285 2872 debet,
1309 2792 1391 2877 quod
1407 2792 1558 2877 quasdam

445 2921 492 2962 res
515 2899 609 2963 etiam
633 2899 811 2981 ignorantes
831 2897 1032 2982 possidemus,
1056 2898 1089 2961 id
1109 2905 1155 2961 est
1170 2918 1248 2981 quas
1263 2896 1345 2960 servi
1360 2895 1559 2981 peculiariter

447 3009 653 3084 paraverunt:
677 3021 750 3064 nam
773 3000 918 3064 videmur
939 3022 991 3064 eas
1015 3001 1184 3064 eorundem
1207 3007 1237 3064 et
1260 3001 1364 3064 auimo
1385 3007 1416 3063 et
1431 3019 1559 3083 corpore

445 3103 611 3188 possidere.

337 3243 415 3308 236.
437 3242 517 3309 tlt
539 3260 593 3325 pr.
618 3241 697 3324 llig.
721 3242 764 3310 de
787 3242 864 3324 adq.
887 3261 959 3309 rer.
983 3243 1075 3310 dom.
1089 3241 1180 3325 41,1.

489 3362 638 3426 Neratius
672 3362 749 3425 libro
781 3373 861 3426 sesto
894 3363 1074 3446 repulerunt
1118 3363 1152 3427 Si
1178 3370 1360 3448 procurator
1385 3383 1452 3426 rem
1479 3361 1556 3425 mihi

446 3465 557 3530 emerit
579 3488 617 3530 ex
638 3463 787 3529 mandato
809 3487 879 3529 meo
902 3467 993 3550 eique
1016 3466 1058 3530 sit
1080 3466 1197 3530 tradita
1211 3487 1279 3530 meo
1296 3463 1432 3547 nomine,
1457 3463 1556 3528 domi-

446 3567 535 3632 nium
557 3567 644 3647 mihi,
668 3568 701 3631 id
725 3575 770 3632 est
793 3569 974 3652 proprietas,
998 3568 1175 3653 adquiritur
1197 3568 1292 3634 etiam
1314 3567 1480 3652 ignoranti.

337 3722 410 3788 237.
440 3721 666 3805 1.42,11)ig.
691 3722 734 3790 de
757 3723 836 3804 adq.
859 3725 915 3789 rel
937 3723 1053 3789 amitt.
1075 3741 1171 3807 poss.
1187 3723 1238 3806 41,
1250 3727 1282 3790 2.

495 3842 655 3927 Ulpianus
681 3842 758 3906 libro
786 3854 898 3928 quarto
925 3844 1105 3928 repulerunt
1153 3844 1336 3909 Procurator
1370 3844 1397 3908 si
1430 3842 1557 3927 quidem

446 3945 616 4010 mundante
638 3945 765 4012 domino
788 3967 855 4011 rern
870 3946 990 4027 emerit,
1013 3947 1154 4030 protinus
1170 3946 1218 4010 illi
1234 3946 1372 4032 adquirit
1390 3945 1557 4031 possessio-

445 4069 530 4111 nem:
567 4049 648 4132 quod
677 4049 788 4113 si'sua
815 4055 926 4132 sponte
955 4049 1074 4130 emerit,
1108 4070 1170 4112 nou
1201 4048 1262 4113 nisi
1288 4056 1389 4112 ratam
1412 4047 1559 4113 habuerit

446 4149 590 4214 dominus
613 4151 813 4236 emptionem.

336 4294 413 4360 238.
440 4296 465 4360 l.
482 4295 568 4379 aas
589 4295 670 4377 Dig.
694 4295 737 4363 de
760 4296 837 4377 adq.
861 4314 933 4363 rer.
957 4295 1047 4363 dom.
1064 4293 1153 4376 41,1.

487 4414 631 4479 Iulianus
658 4415 735 4479 libro
763 4417 1020 4501 quadrupeose'mo
1046 4428 1157 4499 quarto
1183 4417 1369 4501 dipestorurn
1413 4417 1456 4497 Si,
1485 4439 1557 4481 cum

444 4518 522 4582 mihi
544 4518 661 4584 donare
683 4519 788 4600 velles,
816 4519 961 4584 iusserim
987 4526 1019 4583 te
1042 4539 1130 4582 servo
1154 4519 1312 4584 communi
1334 4542 1403 4586 meo
1427 4528 1458 4585 et
1481 4520 1557 4584 Titii
