3442 5412
833 355 1096 449 -56-γ

335 554 414 621 aso.
436 555 461 620 r.
477 553 520 619 aa
542 555 623 636 nrg.
647 553 690 621 aa
712 557 809 622 voro.
834 535 954 636 stium
976 554 1099 637 coac.

478 675 600 738 Paulus
633 675 709 739 libro
743 688 824 740 reato
857 678 900 739 ad
928 676 1092 740 Plautium
1137 679 1310 764 ‘lmpensae
1344 675 1545 742 necessariae’

436 786 519 860 sunt,
548 801 627 863 quae
654 780 678 844 si
707 781 808 844 factae
834 802 898 845 non
924 781 997 863 sint,
1026 801 1073 844 res
1101 789 1155 845 aut
1177 781 1315 866 peritura
1338 790 1392 846 aut
1414 781 1547 846 deterior

436 883 541 946 lutura
556 883 606 946 sit.
646 883 757 948 ‘Utiles
772 881 937 969 impensas’
956 903 1022 948 esse
1039 884 1197 948 Fulcinius
1213 885 1266 964 ait,
1292 907 1371 969 quae
1387 886 1546 950 meliorem

436 985 541 1050 dotem
574 987 700 1065 faciant,
733 1009 796 1051 non
823 987 1007 1052 deteriorem
1036 1008 1103 1052 esse
1129 1010 1192 1052 non
1218 989 1334 1069 sinant,
1369 1010 1407 1053 ex
1434 989 1546 1074 quibus

435 1089 553 1153 reditus
576 1090 701 1155 mulieri
725 1091 921 1175 adquiratur:
945 1091 1037 1156 sicuti
1060 1092 1180 1156 arbusti
1202 1093 1445 1177 pastinationem
1465 1093 1547 1156 ultra

437 1214 530 1277 quarn
564 1215 687 1258 neeesse
721 1195 831 1274 fuerat,
867 1195 943 1258 item
978 1194 1151 1258 doctrinam
1185 1216 1362 1279 puerorum.
1414 1217 1546 1279 quorum

435 1299 561 1360 nomine
584 1298 705 1362 onerari
728 1297 891 1362 mulierem
912 1298 1107 1381 ignorantem
1123 1299 1173 1363 vel
1189 1299 1320 1363 invitam
1338 1321 1399 1364 non
1416 1307 1546 1385 oportet,

435 1420 474 1463 ne
502 1407 628 1482 cogatur
654 1401 750 1466 fundo
778 1408 833 1464 aut
859 1401 1024 1486 mancipiis
1052 1422 1163 1465 carere.
1208 1403 1242 1466 in
1267 1403 1317 1466 his
1344 1403 1494 1488 impensis
1515 1411 1547 1466 et

320 1509 322 1512 ⁴
435 1503 601 1587 pistrinum
640 1511 670 1568 et
707 1505 851 1568 horreum
888 1504 1008 1568 insulae
1042 1505 1140 1568 dotali
1174 1505 1332 1570 adiectum
1364 1507 1546 1591 plerumque

436 1604 583 1669 dicemus.
622 1606 845 1691 ‘Voluptariae’
869 1614 953 1688 sunt,
978 1627 1057 1691 quae
1079 1607 1215 1691 speciem
1237 1608 1402 1672 dumtaxat
1425 1617 1546 1691 ornant,

435 1729 497 1772 non
520 1709 616 1772 etiam
638 1709 775 1773 fructum
798 1716 925 1791 augent:
950 1717 985 1772 ut
1007 1716 1081 1773 sunt
1096 1709 1208 1772 viridia
1229 1717 1259 1774 et
1275 1732 1374 1794 aquae
1389 1711 1546 1790 salientes,

434 1810 683 1894 incrustationes,
708 1811 915 1894 loricaticnea
939 1811 1089 1895 picturae.

342 1963 413 2028 aar.
436 1965 460 2030 r.
476 1954 663 2048 rpanrg.
687 1967 731 2032 uo
752 1967 961 2034 Publiciana
982 1967 1018 2050 c,
1031 1971 1061 2034 2.
1093 1947 1095 1952 ’

485 2084 639 2169 Ulpa'onua
665 2087 741 2150 libro
769 2099 850 2150 secto
876 2089 990 2151 decimo
1017 2089 1060 2150 od
1085 2091 1216 2152 edietum
1261 2090 1316 2154 Ait
1338 2098 1474 2175 praetor:
1503 2092 1547 2155 ‘si

437 2189 516 2273 ‘quis
538 2189 571 2256 id
594 2190 678 2274 quod
699 2191 835 2255 traditur
856 2213 894 2256 ex
916 2192 1001 2256 iusta
1023 2213 1116 2256 causa
1138 2215 1201 2258 non
1224 2215 1242 2258 a
1265 2193 1390 2258 dominc
1414 2202 1445 2258 et
1467 2215 1546 2258 non-

435 2291 521 2356 ‘dum
544 2302 729 2378 usucaptum
753 2302 847 2379 petet,
871 2295 1023 2360 iudicium
1046 2294 1145 2360 dabo'.

339 2438 412 2504 252.
436 2440 492 2505 l.1
514 2441 596 2522 Ilig.
619 2441 678 2506 flu.
700 2459 776 2523 reg.
799 2440 895 2522 lc,1.

478 2561 600 2626 Paulas
630 2562 706 2626 libro
738 2565 899 2626 vicensimo
927 2567 1013 2628 tertio
1040 2567 1083 2628 ad
1108 2567 1239 2629 edictum
1283 2567 1408 2632 Finium
1434 2589 1546 2651 regun-

436 2665 545 2729 dorum
569 2667 649 2730 actio
673 2667 706 2731 in
733 2688 897 2752 personam
926 2675 982 2750 est,
1010 2669 1084 2733 licet
1111 2690 1166 2754 pro
1190 2669 1401 2736 vindicatione
1422 2672 1467 2734 rei
1491 2680 1545 2736 est.

254 2847 258 2853 -
338 2800 413 2867 253.
436 2802 460 2867 Ι.
476 2802 564 2885 alo
586 2804 667 2886 llig.
690 2805 749 2872 lin.
770 2823 846 2886 reg.
870 2804 963 2888 lo,1.

476 2923 597 2988 Paulas
631 2925 708 2989 libro
742 2928 900 3000 cicamimo
934 2929 1021 2989 tertio
1054 2928 1096 2990 acl
1122 2927 1254 2990 edietum
1303 2929 1369 2993 Hoc
1395 2929 1546 2992 iudicium

435 3027 538 3091 locum
561 3027 655 3092 habet
676 3031 710 3094 in
733 3030 865 3094 confinio
890 3030 1087 3115 praediorum
1109 3032 1307 3095 rusticorum:
1332 3053 1405 3095 nam
1424 3033 1458 3095 in
1473 3053 1545 3095 oon-

435 3128 509 3196 finic
530 3132 731 3216 praediorum
759 3133 948 3197 urbanorum
975 3133 1144 3217 displicuit,
1172 3155 1273 3217 neque
1300 3135 1385 3198 enim
1413 3135 1546 3199 confines

434 3233 477 3313 hi,
506 3235 560 3298 sed
588 3237 686 3318 magis
714 3236 810 3301 vicini
837 3236 983 3301 dicuntur
1011 3245 1041 3300 ot
1068 3258 1104 3301 ea
1132 3239 1349 3302 communibus
1375 3238 1546 3323 parietibus

434 3338 619 3421 plerumque
651 3339 916 3405 disterminantur.
962 3348 993 3404 et
1023 3341 1092 3404 ideo
1124 3350 1155 3404 et
1181 3341 1209 3405 si
1235 3342 1269 3405 in
1296 3341 1377 3424 agris
1406 3341 1546 3406 aedilicia

436 3439 543 3504 innota
565 3441 639 3520 sint,
661 3442 746 3505 locus
769 3442 842 3506 hnic
864 3443 980 3506 actioni
1002 3465 1064 3507 non
1088 3444 1160 3507 erit:
1185 3450 1216 3506 et
1238 3444 1271 3507 in
1294 3445 1370 3508 urbe
1388 3445 1547 3508 hortorum

436 3543 568 3607 latitudo
597 3545 773 3627 contingere
800 3553 912 3629 potest,
940 3553 975 3609 ut
1002 3547 1098 3610 etiam
1124 3547 1235 3610 finium
1262 3547 1469 3630 regundorum
1498 3546 1546 3629 agi

435 3647 543 3731 possit.

338 3781 413 3847 aar.
438 3783 498 3851 aa
519 3785 601 3867 urg.
625 3786 668 3853 uo
692 3787 818 3855 camno
840 3787 974 3855 inrecto
997 3788 1055 3868 aa,
1068 3791 1097 3852 2.

482 3905 583 3970 Gaius
606 3907 681 3971 libre
705 3911 866 3972 vicensimo
889 3920 992 3972 octauo
1015 3910 1058 3972 ad
1079 3911 1208 3972 edictam
1220 3909 1413 3994 provinciale
1449 3911 1547 3973 Dam-

436 4031 512 4074 num
538 4011 690 4076 infectum
720 4021 767 4077 est
797 4013 948 4077 damnum
975 4013 1114 4078 nondum
1142 4013 1269 4095 facturn,
1298 4013 1380 4096 quod
1407 4014 1547 4077 futurum

435 4135 588 4178 veremur.

337 4250 412 4316 255.
434 4252 459 4317 l.
475 4251 562 4336 24,2
584 4253 664 4335 Dig.
688 4255 731 4321 de
755 4255 880 4342 damno
903 4255 1036 4322 intecto
1060 4255 1116 4335 39,
1130 4257 1160 4320 2.

486 4372 638 4459 Ulpianus
667 4375 743 4438 libro
771 4377 967 4460 octcpeuaa‘mo
980 4378 1095 4458 ,primo
1122 4376 1165 4438 od
1190 4377 1321 4440 edietum
1363 4375 1423 4440 Sed
1452 4383 1547 4440 utne

436 4476 511 4560 quid
539 4478 662 4543 aedium
683 4479 748 4581 eloci
776 4480 914 4564 operisve
941 4480 1018 4545 vitio
1047 4479 1198 4544 damnum
1225 4481 1343 4544 sactum
1362 4480 1421 4560 sit,
1447 4479 1547 4564 stipu-
