3442 5412
664 433 901 498 ...ς-χ.-Ἰ

269 604 496 688 promissorem,
524 613 561 668 ut
586 603 829 689 adpromiseores
852 625 975 688 quoque
998 586 1037 669 ab
1059 627 1095 670 eo
1111 606 1322 690 'accipiantur,
1349 607 1383 670 id

241 715 315 771 aest
341 707 397 791 qui
423 707 508 772 idem
540 708 736 791 promittunt.
781 707 864 772 Satis
891 715 996 772 autem
1023 708 1161 793 accipere
1188 709 1308 774 dictum
1334 719 1382 774 est

270 809 378 874 eodem
405 809 507 892 modo,
537 832 597 896 quo
624 810 700 875 satis
723 812 837 876 facere:
865 833 940 876 nam
963 813 1037 894 quia
1059 812 1101 894 id,
1130 832 1191 895 quo
1215 816 1285 897 quis
1308 833 1380 877 con-

268 919 374 978 tentus
401 921 477 994 erat,
505 914 534 977 ei
560 914 787 997 praestabatur,
814 915 890 978 satis
917 915 984 979 fieri
1011 915 1213 980 dictumest:
1242 925 1274 980 et
1293 917 1381 980 simi-

269 1017 340 1080 liter
373 1017 447 1100 quia
480 1017 568 1097 tales,
607 1018 719 1102 quibus
753 1025 916 1082 contentus
951 1019 1020 1103 quis
1053 1019 1177 1083 futurus
1211 1026 1302 1099 esset,
1336 1020 1381 1083 ita

268 1118 434 1199 dabantur,
456 1125 492 1182 ut
513 1119 616 1183 verbis
639 1119 858 1202 obligarentur,
881 1119 957 1184 satis
980 1121 1080 1205 accipi
1102 1120 1221 1185 dictum
1245 1130 1300 1185 est.

170 1276 245 1343 194.
268 1277 325 1344 11
345 1276 428 1359 Dig.
451 1295 508 1358 qu.
531 1293 578 1343 ox
600 1295 694 1344 cous.
716 1279 755 1344 in
776 1295 870 1361 pose.
887 1278 947 1362 42,
960 1278 991 1344 4.

318 1395 470 1482 Ulpianus
503 1396 580 1460 libro
613 1399 789 1462 duodecimo
822 1400 865 1462 od
890 1399 1021 1462 edictum
1071 1401 1146 1464 Tres
1177 1402 1241 1464 sere
1269 1419 1380 1464 causae
1452 1463 1455 1468 .

267 1506 349 1578 suut,
378 1521 417 1564 ox
444 1499 557 1584 quibus
583 1501 618 1565 in
645 1503 869 1585 possessionem
896 1503 980 1566 mitti
1007 1503 1099 1566 solet:
1139 1504 1184 1568 rei
1210 1503 1380 1580 servandae

268 1624 370 1686 causa,
393 1604 470 1667 item
492 1603 664 1687 legatorum
688 1605 911 1670 servandorum
934 1607 1032 1689 gratia
1054 1614 1085 1670 et
1108 1607 1226 1670 ventris
1243 1607 1379 1670 nomine.

268 1707 375 1770 damni
402 1707 487 1771 enim
511 1706 621 1771 infecti
642 1707 769 1771 nomine
792 1709 819 1772 si
841 1728 904 1772 non
927 1716 1083 1788 caveatur,
1112 1730 1175 1772 non
1198 1709 1231 1772 in
1254 1708 1379 1772 univer-

267 1830 372 1874 sorum
398 1809 525 1874 nomine
551 1810 587 1872 fit
613 1809 730 1889 missio,
758 1809 812 1874 sed
839 1811 885 1874 rei
911 1817 1046 1891 tautum,
1075 1811 1113 1875 de
1140 1832 1202 1895 qua
1228 1811 1380 1875 damnum

268 1913 405 1978 timetur.

170 2062 244 2130 loe.
266 2064 291 2129 1.
306 2062 345 2128 12
366 2063 447 2145 lug.
471 2082 528 2144 qu.
551 2080 599 2130 ox
621 2073 713 2131 caus
737 2065 774 2130 ln
796 2081 890 2148 poss.
912 2063 968 2146 42,
980 2063 1012 2129 4.

309 2183 499 2269 Pomponius
522 2183 598 2247 libro
620 2186 781 2248 ostensione
796 2188 885 2249 tertio
900 2187 944 2249 ad
961 2183 1114 2265 Quiritum
1129 2185 1278 2250 Muoium-
1301 2186 1379 2250 Cum

266 2288 440 2369 legatorum
466 2286 516 2351 vel
543 2286 777 2352 fideicommissi
802 2289 947 2354 seruandi
970 2311 1072 2370 causa,
1102 2289 1154 2353 vel
1176 2290 1249 2376 quia
1271 2288 1378 2352 damni

266 2389 374 2454 infecti
396 2390 487 2454 nobis
509 2410 572 2454 non
596 2398 752 2471 caveatur,
780 2391 862 2455 bona
888 2391 1046 2475 possidere
1067 2400 1192 2477 praetor
1213 2393 1377 2476 permittit,

266 2491 316 2556 vel
343 2493 461 2557 ventris
487 2493 614 2557 nomine
641 2493 674 2559 in
701 2495 928 2579 possessiouem
951 2515 1017 2560 nos
1048 2494 1156 2575 mittit,
1190 2516 1253 2559 non
1279 2495 1376 2579 possi-

266 2594 385 2675 demus,
416 2596 470 2660 sed
498 2597 596 2678 magis
624 2596 797 2661 custodiam
823 2619 927 2662 rerum
955 2605 985 2662 et
1013 2597 1262 2664 observationem
1289 2599 1378 2662 nobis

267 2697 417 2762 concedit.

565 3085 616 3186 ll.
649 3086 967 3185 Saohcnrcoht.

167 3304 244 3370 roc.
268 3306 293 3372 1.
311 3307 402 3390 sae
425 3309 505 3391 urg.
529 3309 572 3376 oe
594 3312 693 3377 vero.
717 3309 828 3391 oolig.
844 3308 900 3389 rc,
911 3309 939 3376 1.

314 3427 469 3509 Ulpianus
492 3429 568 3492 libro
590 3430 848 3514 quadruperoea'mo
870 3452 951 3494 noco
973 3431 1016 3494 ad
1036 3429 1190 3496 Sabinum
1236 3429 1376 3496 ‘Habere’

266 3529 431 3614 dupliciter
459 3532 624 3617 accipitur:
658 3553 732 3596 nam
763 3541 795 3597 et
824 3554 897 3598 eum
926 3534 1040 3598 habere
1067 3535 1215 3618 dicimus,
1251 3535 1305 3618 qui
1332 3535 1376 3598 rei

265 3633 410 3698 dominus
434 3642 481 3698 est
504 3644 535 3700 et
558 3655 639 3717 eum,
664 3634 719 3718 qui
741 3634 886 3701 dominus
903 3636 1030 3719 quidem
1044 3646 1183 3718 nonest,
1206 3637 1258 3702 sed
1276 3645 1375 3702 tenet:

265 3736 399 3822 denique
421 3737 536 3802 habere
557 3759 624 3802 rem
646 3737 730 3823 apud
753 3759 809 3802 nos
832 3739 1006 3823 depositam
1028 3740 1164 3805 solemus
1187 3740 1300 3805 dicere.

168 3899 241 3966 197.
266 3900 331 3969 (lai
353 3902 605 3971 Institutiones
627 3905 668 3970 II
689 3904 747 3970 49.
760 3902 811 3969 41.

307 4022 464 4107 Sequitur,
493 4029 529 4087 ut
555 4024 788 4106 admoneamus
816 4025 899 4111 apud
925 4025 1102 4112 peregrinos
1126 4025 1253 4110 quidem
1276 4047 1374 4090 unurn

264 4145 330 4190 esse
358 4125 547 4206 dominium3
574 4149 649 4192 nam
672 4137 727 4192 aut
749 4128 894 4194 dominus
917 4129 1048 4213 quisque
1071 4137 1126 4210 est,
1155 4138 1209 4194 aut
1232 4129 1376 4193 dominus

264 4251 326 4294 non
347 4228 549 4312 intellegitur.
588 4250 648 4313 quo
671 4231 739 4296 iure
762 4232 858 4297 etiarn
879 4233 1013 4318 populus
1029 4234 1187 4299 Romanus
1211 4233 1286 4297 olim
1306 4239 1375 4296 uto-

265 4331 369 4397 batur:
394 4342 449 4397 aut
472 4333 557 4398 eninr
579 4355 617 4398 ex
639 4333 707 4399 iure
723 4335 891 4412 Quiritium
907 4337 1122 4420 unusquisque
1137 4319 1282 4401 dorninus
1299 4345 1375 4414 erat,

264 4442 396 4500 autnon
416 4436 655 4519 intellegebatur
670 4438 825 4504 dominus.
862 4439 918 4504 sed
930 4446 1040 4524 postea
1055 4439 1241 4505 divisionem
1257 4439 1375 4523 accepit

263 4534 449 4620 dominium,
477 4545 513 4602 ut
539 4539 619 4604 alius
644 4541 744 4626 possit
770 4561 837 4608 esse
863 4563 902 4607 ex
928 4543 996 4608 iure
1024 4543 1191 4622 Quiritium
1220 4542 1375 4620 dominae,
