3442 5412
841 433 1048 497 ..44-

403 657 405 663 .
448 604 527 670 alius
549 604 584 670 in
599 603 695 668 'bonis
717 603 839 670 habere.
874 604 956 668 Nam
977 603 1004 668 si
1026 604 1085 669 tibi
1108 626 1174 670 rem
1189 604 1338 690 mancipii
1353 625 1455 688 neque
1470 625 1559 669 man·

449 709 592 793 cipevero
615 729 717 792 neque
732 707 766 771 in
782 706 850 771 inre
866 727 996 789 cessero,
1019 708 1074 773 sed
1089 715 1213 774 100100
1230 707 1397 790 tradidero,
1420 709 1454 772 in
1470 707 1560 772 bonis

449 810 576 895 quidem
599 810 662 874 tuis
685 831 722 874 ea
744 829 793 874 res
817 809 959 893 efficitur,
983 832 1022 875 ex
1043 810 1111 874 inre
1128 810 1298 890 Quiritium
1312 830 1385 876 vero
1407 831 1478 875 mea
1492 831 1560 895 per-

448 913 602 996 manebit,
637 912 733 978 donec
767 919 803 978 tu
830 933 899 977 eam
925 913 1112 997 possidendo
1140 914 1318 998 usucapies:
1352 913 1450 979 semel
1476 913 1561 978 enim

448 1017 579 1102 impleta
606 1015 797 1102 usucapione
825 1015 954 1100 proinde
981 1016 1073 1100 pleno
1099 1017 1168 1080 iure
1195 1016 1316 1100 incipit,
1344 1015 1376 1080 id
1403 1023 1452 1080 est
1474 1016 1560 1081 etin

449 1120 538 1186 bonis
565 1126 596 1184 et
619 1140 658 1183 er
680 1119 746 1184 iure
770 1119 938 1196 Quiritium
961 1127 1017 1182 100
1038 1139 1087 1183 res
1110 1139 1187 1199 0000,
1215 1141 1251 1183 00
1274 1118 1301 1183 01
1324 1141 1361 1184 00
1383 1119 1561 1203 mancipate

448 1224 498 1289 vel
519 1224 553 1288 in
576 1223 643 1287 iure
666 1242 751 1286 cessa
774 1230 864 1287 00001.

354 1363 554 1445 198.1.1,1
577 1362 658 1443 urg.
683 1361 726 1427 de
749 1362 868 1427 arbor.
892 1360 988 1428 cuod.
1001 1360 1058 1444 43,
1070 1361 1120 1428 21.

499 1482 653 1567 Ulpianus
686 1482 765 1544 libro
797 1483 1039 1565 acptuayenainao
1062 1483 1169 1564 primo
1196 1482 1239 1544 ad
1262 1483 1394 1546 adanu
1441 1483 1561 1547 Deinde

344 1655 348 1662 ,
450 1587 494 1652 ait
516 1592 654 1671 praetor:
678 1586 774 1662 ‘Quae
797 1585 888 1650 arbor
903 1607 941 1650 ex
961 1605 1034 1667 agro
1049 1593 1103 1650 tuo
1119 1586 1153 1650 in
1168 1606 1277 1670 agrum
1291 1585 1377 1650 illius
1390 1586 1560 1672 impendet,

450 1691 487 1755 ‘si
509 1711 564 1774 per
587 1698 618 1754 te
639 1696 711 1769 0101,
736 1710 796 1774 quo
819 1688 924 1753 minus
945 1689 1038 1774 pedes
1053 1688 1231 1773 quindecim
1253 1696 1369 1754 eterra
1384 1711 1451 1756 eam
1469 1691 1562 1755 altius

450 1797 610 1872 ‘coerceas
631 1799 717 1872 tuno,
740 1792 919 1876 quominus
934 1791 982 1856 1111
998 1792 1043 1856 110
1059 1813 1197 1857 00000000
1212 1791 1357 1877 lignaque
1373 1793 1434 1858 eibi
1449 1792 1562 1857 habere

451 1897 563 1975 ‘liceat
587 1897 652 1961 vim
674 1894 742 1959 fieri
764 1894 858 1959 veto!

351 2034 427 2102 199.
451 2036 475 2102 1.
492 2035 592 2101 281).
610 2051 734 2100 comm.
752 2032 937 2114 1101113.

492 2156 692 2240 Papinianus
720 2153 797 2218 libro
823 2157 954 2239 caprinae
978 2157 1192 2238 quaestionum
1236 2155 1371 2221 Sabinus
1397 2158 1443 2221 011
1469 2156 1502 2221 iu
1529 2179 1561 2220 re

346 2325 349 2330 .
451 2260 610 2325 communi
637 2258 797 2324 neminem
824 2258 1023 2322 dominorum
1049 2259 1117 2324 iure
1143 2260 1243 2325 faeere
1272 2261 1439 2346 quicquam
1465 2260 1561 2325 invito

449 2365 546 2429 altero
570 2383 668 2448 posse.
691 2362 776 2427 unde
798 2362 1002 2427 manifestum
1023 2371 1070 2428 001
1091 2363 1277 2448 prohibendi
1299 2364 1348 2428 100
1370 2385 1450 2430 esse:
1473 2365 1507 2429 in
1529 2385 1561 2428 re

450 2467 535 2532 enim
557 2467 625 2552 peri
648 2467 801 2550 potiorem
825 2485 950 2530 causam
974 2486 1040 2530 esse
1062 2467 1256 2552 prohibentis
1278 2475 1409 2533 00000101.

342 2607 426 2672 2110.
449 2604 571 2689 1.14,1
592 2605 674 2687 Dig.
699 2621 823 2671 corum.
847 2604 915 2671 dir.
931 2603 987 2686 lo,
1000 2604 1031 2669 3.

493 2727 615 2791 Paulus
643 2725 719 2790 libro
748 2727 835 2790 tertio
863 2727 907 2788 ad
932 2725 1096 2790 Plautium
1139 2727 1303 2813 Impendia
1333 2736 1448 2809 eutem,
1483 2749 1562 2813 quae

449 2832 524 2896 dum
547 2831 709 2916 proprium
732 2851 838 2894 meum
859 2829 991 2894 fundum
1015 2829 1158 2896 existimo
1182 2831 1251 2913 1001,
1280 2853 1359 2916 quae
1381 2831 1509 2912 scilicet,
1536 2831 1562 2894 si

448 2936 660 3000 vindicaretur
680 2934 771 2998 fundi
790 2955 870 3018 pars,
893 2954 948 3018 per
967 2933 1182 3019 exceptionem
1200 2934 1264 3000 doli
1279 2935 1412 3000 retinere
1429 2955 1560 3020 possem,

450 3062 489 3103 an
524 3038 634 3115 01100,
667 3036 694 3102 01
729 3036 887 3101 0000001
921 3035 1092 3101 dividundo
1129 3037 1244 3103 iudicio
1282 3060 1406 3103 mecum
1444 3047 1561 3124 agetur,

448 3142 605 3227 aequitate
632 3141 731 3226 ipsius
760 3139 869 3205 iudicii
896 3139 1029 3204 retinere
1057 3141 1184 3225 possim,
1219 3142 1478 3208 considerandum
1505 3151 1560 3207 est.

448 3245 532 3329 quod
566 3244 694 3329 quidem
727 3242 826 3325 magis
860 3248 946 3325 puto,
980 3243 1055 3327 quia
1090 3244 1188 3308 bonae
1222 3245 1293 3310 fidei
1328 3245 1481 3310 iudicium
1515 3253 1562 3309 001

448 3347 607 3412 0000001
630 3345 817 3410 dividundo:
841 3345 895 3410 sed
917 3345 976 3409 hoc
996 3344 1051 3426 ita,
1074 3346 1099 3410 si
1122 3366 1245 3412 mecum
1261 3356 1379 3431 agatur.
1425 3356 1559 3413 ceterum

448 3450 475 3514 si
498 3450 673 3514 alienavero
703 3456 821 3533 partem
850 3469 963 3530 meam,
991 3470 1053 3513 non
1081 3449 1141 3513 erit
1166 3451 1249 3515 unde
1275 3451 1408 3515 retinere
1432 3450 1558 3536 possim.

447 3553 501 3618 sed
527 3554 563 3635 is,
593 3552 647 3636 qui
670 3574 689 3615 0
710 3573 760 3616 00
788 3552 908 3629 emerit,
938 3573 975 3616 an
1004 3551 1138 3617 retinere
1165 3553 1274 3637 possit,
1301 3552 1473 3618 videndum
1499 3559 1559 3617 est:

447 3677 522 3721 000
550 3663 581 3720 01
607 3655 635 3720 01
662 3654 874 3720 vindicaretur
907 3655 945 3719 ab
980 3676 1015 3719 eo
1048 3676 1129 3740 pars,
1163 3655 1394 3741 impendiorum
1423 3657 1558 3736 nomine,

346 3840 358 3852 .
420 3781 527 3845 ·qnae
554 3781 608 3844 ego
636 3758 788 3841 fecissem,
823 3758 868 3822 110
900 3766 935 3822 01
968 3779 1022 3840 ego
1054 3766 1177 3844 poterat
1207 3759 1414 3824 retentionem
1444 3759 1558 3823 iacere:

447 3871 478 3928 01
498 3863 603 3928 verius
626 3869 681 3945 est,
705 3871 741 3927 01
761 3869 792 3926 01
811 3861 845 3925 in
864 3861 923 3926 hec
941 3863 1045 3946 specie
1065 3883 1219 3949 expensae
1238 3862 1441 3928 retineantur.
1480 3883 1559 3946 quae

447 3967 586 4032 000110
612 3965 879 4047 0101001101οθ
908 3965 1023 4031 dicitur
1052 3967 1163 4031 etiam
1191 3964 1467 4050 impendiorum
1493 3986 1558 4028 no-

447 4070 545 4134 mine
578 4070 673 4134 utile
711 4068 896 4133 iudicium
933 4069 1014 4134 dari
1049 4069 1182 4134 debere
1216 4067 1307 4138 mihi
1343 4068 1381 4132 in
1419 4066 1556 4133 socium

447 4174 561 4238 etiem
588 4179 763 4238 00000010
786 4172 839 4236 001
863 4172 1130 4238 0000001000.

349 4311 420 4380 eor.
448 4310 572 4395 0000
595 4311 675 4393 mg.
699 4329 824 4379 comm.
848 4293 917 4378 00.
934 4309 989 4393 00,
1002 4311 1034 4376 0.

490 4430 613 4497 Pauiur
635 4431 712 4495 libro
734 4432 823 4494 tertio
845 4430 888 4492 ad
908 4428 1073 4495 Plautiano
1117 4431 1152 4496 Si
1174 4429 1350 4510 conveniat,
1373 4449 1413 4494 ne
1431 4425 1558 4496 omnino

414 4542 417 4550 “
446 4532 642 4613 (1101810101,
663 4533 844 4606 huiusmodi
863 4542 990 4618 pactum
1010 4535 1117 4627 nulius
1133 4527 1214 4605 vires
1233 4533 1347 4605 habere
1367 4530 1558 4598 manifestis·
