<?xml version="1.0" encoding="UTF-8"?>
<!DOCTYPE html PUBLIC "-//W3C//DTD XHTML 1.0 Transitional//EN"
    "http://www.w3.org/TR/xhtml1/DTD/xhtml1-transitional.dtd">
<html xmlns="http://www.w3.org/1999/xhtml" xml:lang="en" lang="en">
 <head>
  <title>
</title>
<meta http-equiv="Content-Type" content="text/html;charset=utf-8" />
  <meta name='ocr-system' content='tesseract 3.04.00' />
  <meta name='ocr-capabilities' content='ocr_page ocr_carea ocr_par ocr_line ocrx_word'/>
</head>
<body>
  <div class='ocr_page' id='page_1' title='image "ausgewhltequell00kbgoog_0014.png"; bbox 0 0 3442 5412; ppageno 0'>
   <div class='ocr_carea' id='block_1_1' title="bbox 167 332 195 386">
    <p class='ocr_par' dir='ltr' id='par_1_1' title="bbox 167 332 195 386">
     <span class='ocr_line' id='line_1_1' title="bbox 167 332 195 386; baseline 0 0"><span class='ocrx_word' id='word_1_1' title='bbox 167 332 195 386; x_wconf 84' lang='lat' dir='ltr'><em>s</em></span> 
     </span>
    </p>
   </div>
   <div class='ocr_carea' id='block_1_2' title="bbox 95 421 872 494">
    <p class='ocr_par' dir='ltr' id='par_1_2' title="bbox 95 421 872 494">
     <span class='ocr_line' id='line_1_2' title="bbox 95 421 872 494; baseline 0 0"><span class='ocrx_word' id='word_1_2' title='bbox 95 466 208 494; x_wconf 77' lang='grc'><strong>...-</strong></span> <span class='ocrx_word' id='word_1_3' title='bbox 680 421 872 484; x_wconf 77' lang='grc'><strong>-1-</strong></span> 
     </span>
    </p>
   </div>
   <div class='ocr_carea' id='block_1_3' title="bbox 171 590 855 673">
    <p class='ocr_par' dir='ltr' id='par_1_3' title="bbox 171 590 855 673">
     <span class='ocr_line' id='line_1_3' title="bbox 171 590 855 673; baseline 0 -17"><span class='ocrx_word' id='word_1_4' title='bbox 171 592 226 658; x_wconf 78' lang='grc'><strong>28.</strong></span> <span class='ocrx_word' id='word_1_5' title='bbox 249 593 273 657; x_wconf 90' lang='lat' dir='ltr'><strong>l.</strong></span> <span class='ocrx_word' id='word_1_6' title='bbox 289 590 328 657; x_wconf 81' lang='lat'><strong>51</strong></span> <span class='ocrx_word' id='word_1_7' title='bbox 349 590 430 672; x_wconf 79' lang='lat' dir='ltr'><strong>urg.</strong></span> <span class='ocrx_word' id='word_1_8' title='bbox 455 591 497 656; x_wconf 82' lang='lat' dir='ltr'><strong>de</strong></span> <span class='ocrx_word' id='word_1_9' title='bbox 521 592 592 658; x_wconf 86' lang='lat' dir='ltr'><strong>obl.</strong></span> <span class='ocrx_word' id='word_1_10' title='bbox 615 590 855 673; x_wconf 60' lang='grc'><strong>11111411.</strong></span> 
     </span>
    </p>
   </div>
   <div class='ocr_carea' id='block_1_4' title="bbox 250 711 1381 932">
    <p class='ocr_par' dir='ltr' id='par_1_4' title="bbox 250 711 1381 932">
     <span class='ocr_line' id='line_1_4' title="bbox 295 711 1381 800; baseline 0.004 -24"><span class='ocrx_word' id='word_1_11' title='bbox 295 711 396 776; x_wconf 80' lang='lat' dir='ltr'><strong>Celsae</strong></span> <span class='ocrx_word' id='word_1_12' title='bbox 418 714 496 776; x_wconf 80' lang='lat' dir='ltr'><strong>libro</strong></span> <span class='ocrx_word' id='word_1_13' title='bbox 519 715 606 776; x_wconf 73' lang='lat' dir='ltr'><strong>teatio</strong></span> <span class='ocrx_word' id='word_1_14' title='bbox 622 714 807 797; x_wconf 73' lang='lat' dir='ltr'><strong>dipastoaarn</strong></span> <span class='ocrx_word' id='word_1_15' title='bbox 843 713 930 776; x_wconf 90' lang='lat' dir='ltr'><strong>Nihil</strong></span> <span class='ocrx_word' id='word_1_16' title='bbox 946 713 1031 778; x_wconf 87' lang='lat' dir='ltr'><strong>aliud</strong></span> <span class='ocrx_word' id='word_1_17' title='bbox 1048 714 1201 796; x_wconf 81' lang='lat' dir='ltr'><strong>ostentio,</strong></span> <span class='ocrx_word' id='word_1_18' title='bbox 1224 717 1381 800; x_wconf 88' lang='lat' dir='ltr'><strong>quamius</strong></span> 
     </span>
     <span class='ocr_line' id='line_1_5' title="bbox 250 816 966 932; baseline -0.003 -50"><span class='ocrx_word' id='word_1_19' title='bbox 250 817 334 901; x_wconf 87' lang='lat' dir='ltr'><strong>quod</strong></span> <span class='ocrx_word' id='word_1_20' title='bbox 356 816 417 881; x_wconf 89' lang='lat' dir='ltr'>sibi</span> <span class='ocrx_word' id='word_1_21' title='bbox 439 816 590 932; x_wconf 59' lang='lat' dir='ltr'><strong>debeatup</strong></span> <span class='ocrx_word' id='word_1_22' title='bbox 611 816 727 880; x_wconf 90' lang='lat' dir='ltr'><strong>iudicio</strong></span> <span class='ocrx_word' id='word_1_23' title='bbox 749 816 966 902; x_wconf 88' lang='lat' dir='ltr'><strong>persequendi.</strong></span> 
     </span>
    </p>
   </div>
   <div class='ocr_carea' id='block_1_5' title="bbox 170 1000 910 1084">
    <p class='ocr_par' dir='ltr' id='par_1_5' title="bbox 170 1000 910 1084">
     <span class='ocr_line' id='line_1_6' title="bbox 170 1000 910 1084; baseline -0.001 -18"><span class='ocrx_word' id='word_1_24' title='bbox 170 1000 227 1066; x_wconf 76' lang='lat'><strong>29.</strong></span> <span class='ocrx_word' id='word_1_25' title='bbox 251 1019 281 1067; x_wconf 88' lang='lat' dir='ltr'><strong>c.</strong></span> <span class='ocrx_word' id='word_1_26' title='bbox 297 1000 358 1082; x_wconf 81' lang='lat'><strong>3,1</strong></span> <span class='ocrx_word' id='word_1_27' title='bbox 382 1000 464 1068; x_wconf 81' lang='grc'><strong>011.</strong></span> <span class='ocrx_word' id='word_1_28' title='bbox 487 1000 530 1067; x_wconf 82' lang='lat' dir='ltr'><strong>de</strong></span> <span class='ocrx_word' id='word_1_29' title='bbox 553 1000 910 1084; x_wconf 61' lang='grc'><strong>111111111129.</strong></span> 
     </span>
    </p>
   </div>
   <div class='ocr_carea' id='block_1_6' title="bbox 250 1121 1384 2140">
    <p class='ocr_par' dir='ltr' id='par_1_6' title="bbox 250 1121 1384 2140">
     <span class='ocr_line' id='line_1_7' title="bbox 294 1121 1382 1206; baseline 0 -20"><span class='ocrx_word' id='word_1_30' title='bbox 294 1123 374 1206; x_wconf 80' lang='lat' dir='ltr'><strong>Ianp.</strong></span> <span class='ocrx_word' id='word_1_31' title='bbox 404 1123 599 1186; x_wconf 64' lang='lat' dir='ltr'><strong>lastinianus</strong></span> <span class='ocrx_word' id='word_1_32' title='bbox 626 1121 815 1186; x_wconf 74' lang='lat' dir='ltr'><strong>Alabana</strong></span> <span class='ocrx_word' id='word_1_33' title='bbox 838 1143 894 1206; x_wconf 87' lang='lat' dir='ltr'><strong>pp.</strong></span> <span class='ocrx_word' id='word_1_34' title='bbox 925 1122 970 1202; x_wconf 90' lang='lat' dir='ltr'><strong>(a.</strong></span> <span class='ocrx_word' id='word_1_35' title='bbox 994 1121 1075 1206; x_wconf 79' lang='lat'><em>530)</em></span> <span class='ocrx_word' id='word_1_36' title='bbox 1123 1124 1251 1188; x_wconf 79' lang='lat' dir='ltr'><strong>Veteres</strong></span> <span class='ocrx_word' id='word_1_37' title='bbox 1285 1123 1382 1188; x_wconf 87' lang='lat' dir='ltr'><strong>animi</strong></span> 
     </span>
     <span class='ocr_line' id='line_1_8' title="bbox 251 1225 1382 1318; baseline 0.001 -28"><span class='ocrx_word' id='word_1_38' title='bbox 251 1227 370 1291; x_wconf 86' lang='lat' dir='ltr'><strong>turbati</strong></span> <span class='ocrx_word' id='word_1_39' title='bbox 396 1233 478 1309; x_wconf 87' lang='lat' dir='ltr'><strong>sunt,</strong></span> <span class='ocrx_word' id='word_1_40' title='bbox 507 1227 583 1309; x_wconf 90' lang='lat' dir='ltr'><strong>quid</strong></span> <span class='ocrx_word' id='word_1_41' title='bbox 610 1225 648 1290; x_wconf 91' lang='lat' dir='ltr'><strong>de</strong></span> <span class='ocrx_word' id='word_1_42' title='bbox 675 1235 804 1310; x_wconf 84' lang='lat' dir='ltr'><strong>paterno</strong></span> <span class='ocrx_word' id='word_1_43' title='bbox 832 1226 929 1309; x_wconf 84' lang='lat' dir='ltr'><strong>elogio</strong></span> <span class='ocrx_word' id='word_1_44' title='bbox 952 1227 1228 1318; x_wconf 86' lang='lat' dir='ltr'><strong>statuendumsit.</strong></span> <span class='ocrx_word' id='word_1_45' title='bbox 1250 1249 1382 1312; x_wconf 91' lang='lat' dir='ltr'><strong>cumque</strong></span> 
     </span>
     <span class='ocr_line' id='line_1_9' title="bbox 251 1329 1382 1412; baseline 0 -18"><span class='ocrx_word' id='word_1_46' title='bbox 251 1329 414 1395; x_wconf 86' lang='lat' dir='ltr'><strong>Sabiniani</strong></span> <span class='ocrx_word' id='word_1_47' title='bbox 445 1330 677 1411; x_wconf 81' lang='lat' dir='ltr'><strong>existimabant,</strong></span> <span class='ocrx_word' id='word_1_48' title='bbox 711 1330 737 1393; x_wconf 90' lang='lat' dir='ltr'><strong>si</strong></span> <span class='ocrx_word' id='word_1_49' title='bbox 765 1329 857 1394; x_wconf 88' lang='lat' dir='ltr'><strong>vivus</strong></span> <span class='ocrx_word' id='word_1_50' title='bbox 887 1339 979 1394; x_wconf 84' lang='lat' dir='ltr'><strong>uatus</strong></span> <span class='ocrx_word' id='word_1_51' title='bbox 1010 1338 1067 1412; x_wconf 88' lang='lat' dir='ltr'><strong>est,</strong></span> <span class='ocrx_word' id='word_1_52' title='bbox 1099 1330 1156 1395; x_wconf 86' lang='lat' dir='ltr'><strong>etsi</strong></span> <span class='ocrx_word' id='word_1_53' title='bbox 1184 1352 1292 1396; x_wconf 82' lang='lat' dir='ltr'><strong>vocem</strong></span> <span class='ocrx_word' id='word_1_54' title='bbox 1319 1353 1382 1395; x_wconf 93' lang='lat' dir='ltr'><strong>non</strong></span> 
     </span>
     <span class='ocr_line' id='line_1_10' title="bbox 251 1435 1381 1519; baseline -0.001 -21"><span class='ocrx_word' id='word_1_55' title='bbox 251 1435 365 1514; x_wconf 83' lang='lat' dir='ltr'><strong>emisit,</strong></span> <span class='ocrx_word' id='word_1_56' title='bbox 388 1441 515 1519; x_wconf 88' lang='lat' dir='ltr'><strong>ruptum</strong></span> <span class='ocrx_word' id='word_1_57' title='bbox 538 1441 772 1514; x_wconf 86' lang='lat' dir='ltr'><strong>testamentum,</strong></span> <span class='ocrx_word' id='word_1_58' title='bbox 796 1443 934 1518; x_wconf 87' lang='lat' dir='ltr'><strong>apparet,</strong></span> <span class='ocrx_word' id='word_1_59' title='bbox 959 1435 1051 1518; x_wconf 88' lang='lat' dir='ltr'><strong>quod,</strong></span> <span class='ocrx_word' id='word_1_60' title='bbox 1076 1435 1133 1498; x_wconf 86' lang='lat' dir='ltr'><strong>etsi</strong></span> <span class='ocrx_word' id='word_1_61' title='bbox 1149 1441 1255 1498; x_wconf 89' lang='lat' dir='ltr'><strong>mutus</strong></span> <span class='ocrx_word' id='word_1_62' title='bbox 1270 1436 1381 1516; x_wconf 85' lang='lat' dir='ltr'><strong>fuerat,</strong></span> 
     </span>
     <span class='ocr_line' id='line_1_11' title="bbox 250 1537 1384 1624; baseline -0.003 -21"><span class='ocrx_word' id='word_1_63' title='bbox 250 1539 307 1604; x_wconf 90' lang='lat' dir='ltr'><strong>hoe</strong></span> <span class='ocrx_word' id='word_1_64' title='bbox 330 1539 433 1624; x_wconf 90' lang='lat' dir='ltr'><strong>ipsum</strong></span> <span class='ocrx_word' id='word_1_65' title='bbox 455 1539 598 1619; x_wconf 79' lang='lat' dir='ltr'><strong>faciebat,</strong></span> <span class='ocrx_word' id='word_1_66' title='bbox 626 1537 852 1602; x_wconf 88' lang='lat' dir='ltr'><strong>eorumetiam</strong></span> <span class='ocrx_word' id='word_1_67' title='bbox 875 1558 930 1601; x_wconf 91' lang='lat' dir='ltr'><strong>nos</strong></span> <span class='ocrx_word' id='word_1_68' title='bbox 952 1537 1117 1602; x_wconf 86' lang='lat' dir='ltr'><strong>laudamus</strong></span> <span class='ocrx_word' id='word_1_69' title='bbox 1140 1537 1328 1612; x_wconf 77' lang='lat' dir='ltr'><strong>sententiam</strong></span> <span class='ocrx_word' id='word_1_70' title='bbox 1351 1545 1384 1601; x_wconf 87' lang='lat' dir='ltr'><strong>et</strong></span> 
     </span>
     <span class='ocr_line' id='line_1_12' title="bbox 250 1640 1382 1727; baseline -0.001 -22"><span class='ocrx_word' id='word_1_71' title='bbox 250 1643 418 1722; x_wconf 87' lang='lat' dir='ltr'><strong>sancimus,</strong></span> <span class='ocrx_word' id='word_1_72' title='bbox 445 1644 472 1706; x_wconf 90' lang='lat' dir='ltr'><strong>si</strong></span> <span class='ocrx_word' id='word_1_73' title='bbox 495 1642 586 1708; x_wconf 87' lang='lat' dir='ltr'><strong>vivus</strong></span> <span class='ocrx_word' id='word_1_74' title='bbox 613 1643 747 1725; x_wconf 85' lang='lat' dir='ltr'><strong>perfecte</strong></span> <span class='ocrx_word' id='word_1_75' title='bbox 771 1649 863 1705; x_wconf 90' lang='lat' dir='ltr'><strong>natus</strong></span> <span class='ocrx_word' id='word_1_76' title='bbox 887 1648 943 1723; x_wconf 87' lang='lat' dir='ltr'><strong>est,</strong></span> <span class='ocrx_word' id='word_1_77' title='bbox 971 1640 1044 1705; x_wconf 90' lang='lat' dir='ltr'><strong>licet</strong></span> <span class='ocrx_word' id='word_1_78' title='bbox 1066 1641 1137 1706; x_wconf 88' lang='lat' dir='ltr'><strong>ilico</strong></span> <span class='ocrx_word' id='word_1_79' title='bbox 1161 1648 1327 1727; x_wconf 88' lang='lat' dir='ltr'><strong>postquam</strong></span> <span class='ocrx_word' id='word_1_80' title='bbox 1350 1641 1382 1705; x_wconf 90' lang='lat' dir='ltr'><strong>in</strong></span> 
     </span>
     <span class='ocr_line' id='line_1_13' title="bbox 251 1744 1383 1828; baseline 0 -20"><span class='ocrx_word' id='word_1_81' title='bbox 251 1754 367 1810; x_wconf 85' lang='lat' dir='ltr'><strong>temam</strong></span> <span class='ocrx_word' id='word_1_82' title='bbox 390 1745 501 1810; x_wconf 88' lang='lat' dir='ltr'><strong>cecidit</strong></span> <span class='ocrx_word' id='word_1_83' title='bbox 517 1746 566 1809; x_wconf 90' lang='lat' dir='ltr'><strong>vel</strong></span> <span class='ocrx_word' id='word_1_84' title='bbox 589 1747 621 1810; x_wconf 93' lang='lat' dir='ltr'><strong>in</strong></span> <span class='ocrx_word' id='word_1_85' title='bbox 645 1745 790 1808; x_wconf 85' lang='lat' dir='ltr'><strong>manibus</strong></span> <span class='ocrx_word' id='word_1_86' title='bbox 811 1745 984 1809; x_wconf 86' lang='lat' dir='ltr'><strong>obstetricis</strong></span> <span class='ocrx_word' id='word_1_87' title='bbox 1000 1744 1140 1828; x_wconf 82' lang='lat' dir='ltr'><strong>decessit,</strong></span> <span class='ocrx_word' id='word_1_88' title='bbox 1164 1744 1262 1810; x_wconf 89' lang='lat' dir='ltr'><strong>nihilo</strong></span> <span class='ocrx_word' id='word_1_89' title='bbox 1277 1746 1383 1810; x_wconf 90' lang='lat' dir='ltr'><strong>minus</strong></span> 
     </span>
     <span class='ocr_line' id='line_1_14' title="bbox 252 1847 1383 1933; baseline 0.001 -22"><span class='ocrx_word' id='word_1_90' title='bbox 252 1855 475 1912; x_wconf 85' lang='lat' dir='ltr'><strong>testamentum</strong></span> <span class='ocrx_word' id='word_1_91' title='bbox 502 1849 667 1933; x_wconf 88' lang='lat' dir='ltr'><strong>corrumpi,</strong></span> <span class='ocrx_word' id='word_1_92' title='bbox 694 1849 752 1912; x_wconf 91' lang='lat' dir='ltr'><strong>hoo</strong></span> <span class='ocrx_word' id='word_1_93' title='bbox 778 1847 995 1912; x_wconf 86' lang='lat' dir='ltr'><strong>tantummodo</strong></span> <span class='ocrx_word' id='word_1_94' title='bbox 1018 1848 1214 1932; x_wconf 89' lang='lat' dir='ltr'><strong>requirendo,</strong></span> <span class='ocrx_word' id='word_1_95' title='bbox 1242 1850 1269 1912; x_wconf 92' lang='lat' dir='ltr'><strong>si</strong></span> <span class='ocrx_word' id='word_1_96' title='bbox 1292 1849 1383 1913; x_wconf 90' lang='lat' dir='ltr'><strong>vivus</strong></span> 
     </span>
     <span class='ocr_line' id='line_1_15' title="bbox 253 1951 1383 2037; baseline -0.001 -22"><span class='ocrx_word' id='word_1_97' title='bbox 253 1953 292 2016; x_wconf 86' lang='lat' dir='ltr'><strong>ad</strong></span> <span class='ocrx_word' id='word_1_98' title='bbox 321 1953 427 2016; x_wconf 88' lang='lat' dir='ltr'><strong>orbem</strong></span> <span class='ocrx_word' id='word_1_99' title='bbox 454 1959 537 2017; x_wconf 90' lang='lat' dir='ltr'><strong>totus</strong></span> <span class='ocrx_word' id='word_1_100' title='bbox 564 1952 714 2037; x_wconf 87' lang='lat' dir='ltr'><strong>processit</strong></span> <span class='ocrx_word' id='word_1_101' title='bbox 741 1951 780 2015; x_wconf 93' lang='lat' dir='ltr'><strong>ad</strong></span> <span class='ocrx_word' id='word_1_102' title='bbox 808 1951 929 2016; x_wconf 89' lang='lat' dir='ltr'><strong>nullum</strong></span> <span class='ocrx_word' id='word_1_103' title='bbox 956 1951 1115 2015; x_wconf 90' lang='lat' dir='ltr'><strong>declinans</strong></span> <span class='ocrx_word' id='word_1_104' title='bbox 1138 1957 1311 2016; x_wconf 89' lang='lat' dir='ltr'><strong>monstrum</strong></span> <span class='ocrx_word' id='word_1_105' title='bbox 1334 1952 1383 2016; x_wconf 86' lang='lat' dir='ltr'><strong>vel</strong></span> 
     </span>
     <span class='ocr_line' id='line_1_16' title="bbox 254 2056 439 2140; baseline -0.005 -21"><span class='ocrx_word' id='word_1_106' title='bbox 254 2056 439 2140; x_wconf 81' lang='lat' dir='ltr'><strong>prodigium.</strong></span> 
     </span>
    </p>
   </div>
   <div class='ocr_carea' id='block_1_7' title="bbox 165 2237 845 2322">
    <p class='ocr_par' dir='ltr' id='par_1_7' title="bbox 165 2237 845 2322">
     <span class='ocr_line' id='line_1_17' title="bbox 165 2237 845 2322; baseline 0 -18"><span class='ocrx_word' id='word_1_107' title='bbox 165 2237 845 2322; x_wconf 51' lang='lat' dir='ltr'><strong>amfflmmmmffia</strong></span> 
     </span>
    </p>
   </div>
   <div class='ocr_carea' id='block_1_8' title="bbox 252 2360 1384 2652">
    <p class='ocr_par' dir='ltr' id='par_1_8' title="bbox 252 2360 1384 2652">
     <span class='ocr_line' id='line_1_18' title="bbox 294 2360 1384 2446; baseline 0.001 -23"><span class='ocrx_word' id='word_1_108' title='bbox 294 2361 493 2445; x_wconf 77' lang='lat' dir='ltr'><strong>Papinianus</strong></span> <span class='ocrx_word' id='word_1_109' title='bbox 521 2360 597 2424; x_wconf 78' lang='lat' dir='ltr'><strong>libro</strong></span> <span class='ocrx_word' id='word_1_110' title='bbox 624 2383 703 2424; x_wconf 93' lang='lat' dir='ltr'><strong>nono</strong></span> <span class='ocrx_word' id='word_1_111' title='bbox 730 2363 844 2424; x_wconf 67' lang='lat' dir='ltr'><strong>decimo</strong></span> <span class='ocrx_word' id='word_1_112' title='bbox 870 2363 1082 2446; x_wconf 76' lang='lat' dir='ltr'><strong>qaaestionem</strong></span> <span class='ocrx_word' id='word_1_113' title='bbox 1127 2361 1216 2424; x_wconf 81' lang='lat' dir='ltr'><strong>Circa</strong></span> <span class='ocrx_word' id='word_1_114' title='bbox 1244 2367 1384 2424; x_wconf 89' lang='lat' dir='ltr'><strong>ventrem</strong></span> 
     </span>
     <span class='ocr_line' id='line_1_19' title="bbox 252 2464 1384 2550; baseline -0.001 -23"><span class='ocrx_word' id='word_1_115' title='bbox 252 2465 382 2529; x_wconf 86' lang='lat' dir='ltr'><strong>ancillae</strong></span> <span class='ocrx_word' id='word_1_116' title='bbox 399 2464 486 2528; x_wconf 88' lang='lat' dir='ltr'><strong>nulla</strong></span> <span class='ocrx_word' id='word_1_117' title='bbox 502 2466 649 2550; x_wconf 87' lang='lat' dir='ltr'><strong>temporis</strong></span> <span class='ocrx_word' id='word_1_118' title='bbox 665 2465 802 2530; x_wconf 87' lang='lat' dir='ltr'><strong>admissa</strong></span> <span class='ocrx_word' id='word_1_119' title='bbox 816 2465 976 2531; x_wconf 88' lang='lat' dir='ltr'><strong>distinctio</strong></span> <span class='ocrx_word' id='word_1_120' title='bbox 992 2473 1037 2529; x_wconf 90' lang='lat' dir='ltr'><strong>est</strong></span> <span class='ocrx_word' id='word_1_121' title='bbox 1053 2464 1292 2543; x_wconf 88' lang='lat' dir='ltr'><strong>necimmerito,</strong></span> <span class='ocrx_word' id='word_1_122' title='bbox 1310 2464 1384 2547; x_wconf 88' lang='lat' dir='ltr'><strong>quia</strong></span> 
     </span>
     <span class='ocr_line' id='line_1_20' title="bbox 252 2567 1217 2652; baseline 0.002 -22"><span class='ocrx_word' id='word_1_123' title='bbox 252 2577 358 2652; x_wconf 91' lang='lat' dir='ltr'><strong>partus</strong></span> <span class='ocrx_word' id='word_1_124' title='bbox 381 2567 520 2632; x_wconf 91' lang='lat' dir='ltr'><strong>nondum</strong></span> <span class='ocrx_word' id='word_1_125' title='bbox 545 2568 646 2632; x_wconf 87' lang='lat' dir='ltr'><strong>editus</strong></span> <span class='ocrx_word' id='word_1_126' title='bbox 670 2569 762 2633; x_wconf 92' lang='lat' dir='ltr'><strong>homo</strong></span> <span class='ocrx_word' id='word_1_127' title='bbox 785 2590 847 2633; x_wconf 93' lang='lat' dir='ltr'><strong>non</strong></span> <span class='ocrx_word' id='word_1_128' title='bbox 870 2578 952 2634; x_wconf 85' lang='lat' dir='ltr'><strong>recte</strong></span> <span class='ocrx_word' id='word_1_129' title='bbox 975 2570 1070 2634; x_wconf 83' lang='lat' dir='ltr'><strong>fuisse</strong></span> <span class='ocrx_word' id='word_1_130' title='bbox 1093 2568 1217 2635; x_wconf 88' lang='lat' dir='ltr'><strong>dicitur.</strong></span> 
     </span>
    </p>
   </div>
   <div class='ocr_carea' id='block_1_9' title="bbox 181 2750 963 2835">
    <p class='ocr_par' dir='ltr' id='par_1_9' title="bbox 181 2750 963 2835">
     <span class='ocr_line' id='line_1_21' title="bbox 181 2750 963 2835; baseline 0.001 -19"><span class='ocrx_word' id='word_1_131' title='bbox 181 2750 231 2816; x_wconf 94' lang='grc'><strong>31.</strong></span> <span class='ocrx_word' id='word_1_132' title='bbox 253 2750 332 2818; x_wconf 79' lang='lat' dir='ltr'><strong>l.12</strong></span> <span class='ocrx_word' id='word_1_133' title='bbox 354 2771 408 2835; x_wconf 88' lang='lat' dir='ltr'><strong>pr.</strong></span> <span class='ocrx_word' id='word_1_134' title='bbox 432 2752 514 2833; x_wconf 79' lang='lat' dir='ltr'><strong>urg.</strong></span> <span class='ocrx_word' id='word_1_135' title='bbox 539 2751 582 2818; x_wconf 83' lang='lat' dir='ltr'><strong>de</strong></span> <span class='ocrx_word' id='word_1_136' title='bbox 603 2752 667 2817; x_wconf 87' lang='lat' dir='ltr'><strong>lib.</strong></span> <span class='ocrx_word' id='word_1_137' title='bbox 691 2752 728 2818; x_wconf 91' lang='lat' dir='ltr'><strong>et</strong></span> <span class='ocrx_word' id='word_1_138' title='bbox 749 2753 841 2835; x_wconf 88' lang='lat' dir='ltr'><strong>post.</strong></span> <span class='ocrx_word' id='word_1_139' title='bbox 865 2752 963 2833; x_wconf 77' lang='lat'><strong>28,2.</strong></span> 
     </span>
    </p>
   </div>
   <div class='ocr_carea' id='block_1_10' title="bbox 253 2871 1385 3266">
    <p class='ocr_par' dir='ltr' id='par_1_10' title="bbox 253 2871 1385 3266">
     <span class='ocr_line' id='line_1_22' title="bbox 303 2871 1385 2956; baseline 0.002 -22"><span class='ocrx_word' id='word_1_140' title='bbox 303 2871 458 2956; x_wconf 78' lang='lat' dir='ltr'><strong>Ulpianus</strong></span> <span class='ocrx_word' id='word_1_141' title='bbox 481 2871 558 2935; x_wconf 77' lang='lat' dir='ltr'><strong>libro</strong></span> <span class='ocrx_word' id='word_1_142' title='bbox 580 2893 661 2935; x_wconf 93' lang='lat' dir='ltr'><strong>nono</strong></span> <span class='ocrx_word' id='word_1_143' title='bbox 677 2874 720 2935; x_wconf 82' lang='lat' dir='ltr'><strong>ad</strong></span> <span class='ocrx_word' id='word_1_144' title='bbox 733 2872 887 2938; x_wconf 78' lang='lat' dir='ltr'><strong>Sabinam</strong></span> <span class='ocrx_word' id='word_1_145' title='bbox 925 2875 1011 2951; x_wconf 82' lang='lat' dir='ltr'><strong>Quod</strong></span> <span class='ocrx_word' id='word_1_146' title='bbox 1030 2873 1145 2938; x_wconf 88' lang='lat' dir='ltr'><strong>dicitur</strong></span> <span class='ocrx_word' id='word_1_147' title='bbox 1160 2874 1259 2937; x_wconf 88' lang='lat' dir='ltr'><strong>filium</strong></span> <span class='ocrx_word' id='word_1_148' title='bbox 1274 2880 1385 2936; x_wconf 89' lang='lat' dir='ltr'><strong>natum</strong></span> 
     </span>
     <span class='ocr_line' id='line_1_23' title="bbox 253 2975 1385 3061; baseline 0.002 -23"><span class='ocrx_word' id='word_1_149' title='bbox 253 2997 395 3058; x_wconf 87' lang='lat' dir='ltr'><strong>rumpere</strong></span> <span class='ocrx_word' id='word_1_150' title='bbox 417 2983 650 3057; x_wconf 85' lang='lat' dir='ltr'><strong>testamentum,</strong></span> <span class='ocrx_word' id='word_1_151' title='bbox 674 2985 784 3040; x_wconf 91' lang='lat' dir='ltr'><strong>natum</strong></span> <span class='ocrx_word' id='word_1_152' title='bbox 804 2977 909 3061; x_wconf 90' lang='lat' dir='ltr'><strong>accipe</strong></span> <span class='ocrx_word' id='word_1_153' title='bbox 930 2983 961 3040; x_wconf 91' lang='lat' dir='ltr'><strong>et</strong></span> <span class='ocrx_word' id='word_1_154' title='bbox 980 2977 1006 3040; x_wconf 92' lang='lat' dir='ltr'><strong>si</strong></span> <span class='ocrx_word' id='word_1_155' title='bbox 1022 2984 1143 3041; x_wconf 84' lang='lat' dir='ltr'><strong>exsecto</strong></span> <span class='ocrx_word' id='word_1_156' title='bbox 1160 2984 1267 3042; x_wconf 89' lang='lat' dir='ltr'><strong>ventre</strong></span> <span class='ocrx_word' id='word_1_157' title='bbox 1283 2975 1385 3040; x_wconf 89' lang='lat' dir='ltr'><strong>editus</strong></span> 
     </span>
     <span class='ocr_line' id='line_1_24' title="bbox 253 3077 1384 3164; baseline 0.002 -22"><span class='ocrx_word' id='word_1_158' title='bbox 253 3077 308 3142; x_wconf 91' lang='lat' dir='ltr'><strong>sit:</strong></span> <span class='ocrx_word' id='word_1_159' title='bbox 337 3101 411 3143; x_wconf 87' lang='lat' dir='ltr'><strong>nam</strong></span> <span class='ocrx_word' id='word_1_160' title='bbox 439 3088 469 3145; x_wconf 90' lang='lat' dir='ltr'><strong>et</strong></span> <span class='ocrx_word' id='word_1_161' title='bbox 498 3079 547 3144; x_wconf 90' lang='lat' dir='ltr'><strong>hic</strong></span> <span class='ocrx_word' id='word_1_162' title='bbox 573 3080 692 3164; x_wconf 87' lang='lat' dir='ltr'><strong>rumpit</strong></span> <span class='ocrx_word' id='word_1_163' title='bbox 719 3087 953 3160; x_wconf 86' lang='lat' dir='ltr'><strong>testamentum,</strong></span> <span class='ocrx_word' id='word_1_164' title='bbox 981 3080 1099 3144; x_wconf 89' lang='lat' dir='ltr'><strong>scilicet</strong></span> <span class='ocrx_word' id='word_1_165' title='bbox 1126 3081 1153 3145; x_wconf 91' lang='lat' dir='ltr'><strong>si</strong></span> <span class='ocrx_word' id='word_1_166' title='bbox 1180 3087 1325 3145; x_wconf 87' lang='lat' dir='ltr'><strong>nascatur·</strong></span> <span class='ocrx_word' id='word_1_167' title='bbox 1352 3081 1384 3144; x_wconf 95' lang='lat' dir='ltr'><strong>in</strong></span> 
     </span>
     <span class='ocr_line' id='line_1_25' title="bbox 255 3189 418 3266; baseline 0.006 -20"><span class='ocrx_word' id='word_1_168' title='bbox 255 3189 418 3266; x_wconf 88' lang='lat' dir='ltr'><strong>potestate.</strong></span> 
     </span>
    </p>
   </div>
   <div class='ocr_carea' id='block_1_11' title="bbox 176 3319 897 3447">
    <p class='ocr_par' dir='ltr' id='par_1_11' title="bbox 176 3319 897 3447">
     <span class='ocr_line' id='line_1_26' title="bbox 176 3319 897 3447; baseline 0.001 -18"><span class='ocrx_word' id='word_1_169' title='bbox 176 3319 897 3447; x_wconf 49' lang='lat' dir='ltr'><strong>mmmmmmma&#39;</strong></span> 
     </span>
    </p>
   </div>
   <div class='ocr_carea' id='block_1_12' title="bbox 253 3486 1386 3882">
    <p class='ocr_par' dir='ltr' id='par_1_12' title="bbox 253 3486 1386 3882">
     <span class='ocr_line' id='line_1_27' title="bbox 296 3486 1385 3571; baseline 0 -22"><span class='ocrx_word' id='word_1_170' title='bbox 296 3486 418 3550; x_wconf 80' lang='lat' dir='ltr'><strong>Paulas</strong></span> <span class='ocrx_word' id='word_1_171' title='bbox 440 3487 515 3550; x_wconf 78' lang='lat' dir='ltr'><strong>libro</strong></span> <span class='ocrx_word' id='word_1_172' title='bbox 538 3509 618 3551; x_wconf 90' lang='lat' dir='ltr'><strong>nono</strong></span> <span class='ocrx_word' id='word_1_173' title='bbox 640 3489 751 3550; x_wconf 75' lang='lat' dir='ltr'><strong>daciano</strong></span> <span class='ocrx_word' id='word_1_174' title='bbox 771 3509 985 3570; x_wconf 73' lang='lat' dir='ltr'><strong>responsorum</strong></span> <span class='ocrx_word' id='word_1_175' title='bbox 1023 3487 1162 3571; x_wconf 86' lang='lat' dir='ltr'><strong>Septimo</strong></span> <span class='ocrx_word' id='word_1_176' title='bbox 1179 3509 1284 3557; x_wconf 88' lang='lat' dir='ltr'><strong>mense</strong></span> <span class='ocrx_word' id='word_1_177' title='bbox 1300 3487 1385 3552; x_wconf 91' lang='lat' dir='ltr'><strong>nasci</strong></span> 
     </span>
     <span class='ocr_line' id='line_1_28' title="bbox 253 3591 1385 3676; baseline 0.001 -23"><span class='ocrx_word' id='word_1_178' title='bbox 253 3591 425 3672; x_wconf 89' lang='lat' dir='ltr'><strong>perfectum</strong></span> <span class='ocrx_word' id='word_1_179' title='bbox 447 3599 573 3675; x_wconf 92' lang='lat' dir='ltr'><strong>partum</strong></span> <span class='ocrx_word' id='word_1_180' title='bbox 595 3593 659 3654; x_wconf 90' lang='lat' dir='ltr'><strong>iam</strong></span> <span class='ocrx_word' id='word_1_181' title='bbox 682 3598 841 3675; x_wconf 85' lang='lat' dir='ltr'><strong>receptum</strong></span> <span class='ocrx_word' id='word_1_182' title='bbox 865 3599 912 3655; x_wconf 90' lang='lat' dir='ltr'><strong>est</strong></span> <span class='ocrx_word' id='word_1_183' title='bbox 933 3597 1059 3676; x_wconf 89' lang='lat' dir='ltr'><strong>propter</strong></span> <span class='ocrx_word' id='word_1_184' title='bbox 1079 3591 1297 3655; x_wconf 88' lang='lat' dir='ltr'><strong>auctoritatem</strong></span> <span class='ocrx_word' id='word_1_185' title='bbox 1313 3591 1385 3654; x_wconf 90' lang='lat' dir='ltr'><strong>doo-</strong></span> 
     </span>
     <span class='ocr_line' id='line_1_29' title="bbox 253 3692 1386 3780; baseline 0.002 -26"><span class='ocrx_word' id='word_1_186' title='bbox 253 3692 366 3757; x_wconf 89' lang='lat' dir='ltr'><strong>tissimi</strong></span> <span class='ocrx_word' id='word_1_187' title='bbox 393 3695 452 3758; x_wconf 83' lang='lat' dir='ltr'><strong>viri</strong></span> <span class='ocrx_word' id='word_1_188' title='bbox 476 3695 687 3780; x_wconf 87' lang='lat' dir='ltr'><strong>Hippocratis:</strong></span> <span class='ocrx_word' id='word_1_189' title='bbox 716 3703 746 3759; x_wconf 89' lang='grc'><strong>11</strong></span> <span class='ocrx_word' id='word_1_190' title='bbox 773 3695 842 3758; x_wconf 89' lang='lat' dir='ltr'><strong>ideo</strong></span> <span class='ocrx_word' id='word_1_191' title='bbox 871 3694 1060 3759; x_wconf 84' lang='lat' dir='ltr'><strong>credendum</strong></span> <span class='ocrx_word' id='word_1_192' title='bbox 1087 3701 1134 3758; x_wconf 88' lang='lat' dir='ltr'><strong>est</strong></span> <span class='ocrx_word' id='word_1_193' title='bbox 1161 3716 1243 3774; x_wconf 89' lang='lat' dir='ltr'><strong>eum,</strong></span> <span class='ocrx_word' id='word_1_194' title='bbox 1271 3693 1325 3778; x_wconf 90' lang='lat' dir='ltr'><strong>qui</strong></span> <span class='ocrx_word' id='word_1_195' title='bbox 1348 3714 1386 3757; x_wconf 88' lang='grc'><strong>111</strong></span> 
     </span>
     <span class='ocr_line' id='line_1_30' title="bbox 254 3793 1330 3882; baseline 0.001 -23"><span class='ocrx_word' id='word_1_196' title='bbox 254 3795 344 3860; x_wconf 87' lang='grc'><strong>111111</strong></span> <span class='ocrx_word' id='word_1_197' title='bbox 368 3798 485 3882; x_wconf 86' lang='lat' dir='ltr'><strong>nuptiis</strong></span> <span class='ocrx_word' id='word_1_198' title='bbox 509 3798 641 3882; x_wconf 85' lang='lat' dir='ltr'><strong>septimo</strong></span> <span class='ocrx_word' id='word_1_199' title='bbox 665 3819 771 3863; x_wconf 89' lang='lat' dir='ltr'><strong>mense</strong></span> <span class='ocrx_word' id='word_1_200' title='bbox 794 3807 887 3862; x_wconf 90' lang='lat' dir='ltr'><strong>natus</strong></span> <span class='ocrx_word' id='word_1_201' title='bbox 910 3806 967 3878; x_wconf 87' lang='lat' dir='ltr'><strong>est,</strong></span> <span class='ocrx_word' id='word_1_202' title='bbox 989 3793 1108 3862; x_wconf 89' lang='lat' dir='ltr'><strong>iustum</strong></span> <span class='ocrx_word' id='word_1_203' title='bbox 1130 3799 1230 3861; x_wconf 88' lang='lat' dir='ltr'><strong>filium</strong></span> <span class='ocrx_word' id='word_1_204' title='bbox 1255 3817 1330 3861; x_wconf 89' lang='lat' dir='ltr'><strong>esse.</strong></span> 
     </span>
    </p>
   </div>
   <div class='ocr_carea' id='block_1_13' title="bbox 179 3979 831 4084">
    <p class='ocr_par' dir='ltr' id='par_1_13' title="bbox 179 3979 831 4084">
     <span class='ocr_line' id='line_1_31' title="bbox 179 3979 831 4084; baseline 0.003 -40"><span class='ocrx_word' id='word_1_205' title='bbox 179 3979 234 4044; x_wconf 83' lang='lat'><strong>33.</strong></span> <span class='ocrx_word' id='word_1_206' title='bbox 256 3979 336 4046; x_wconf 83' lang='lat'>1.14</span> <span class='ocrx_word' id='word_1_207' title='bbox 358 3981 438 4062; x_wconf 79' lang='lat' dir='ltr'><strong>urg.</strong></span> <span class='ocrx_word' id='word_1_208' title='bbox 462 3981 505 4046; x_wconf 80' lang='lat' dir='ltr'><strong>uo</strong></span> <span class='ocrx_word' id='word_1_209' title='bbox 528 3983 625 4047; x_wconf 87' lang='lat' dir='ltr'><strong>statu</strong></span> <span class='ocrx_word' id='word_1_210' title='bbox 639 3982 742 4084; x_wconf 16' lang='lat' dir='ltr'><strong>,hona</strong></span> <span class='ocrx_word' id='word_1_211' title='bbox 758 3981 787 4063; x_wconf 89' lang='grc'><strong>1,</strong></span> <span class='ocrx_word' id='word_1_212' title='bbox 799 3980 831 4047; x_wconf 85' lang='lat'><strong>5.</strong></span> 
     </span>
    </p>
   </div>
   <div class='ocr_carea' id='block_1_14' title="bbox 254 4101 1387 4582">
    <p class='ocr_par' dir='ltr' id='par_1_14' title="bbox 254 4101 1387 4582">
     <span class='ocr_line' id='line_1_32' title="bbox 297 4101 1387 4187; baseline 0 -24"><span class='ocrx_word' id='word_1_213' title='bbox 297 4101 417 4166; x_wconf 87' lang='lat' dir='ltr'><strong>Paalas</strong></span> <span class='ocrx_word' id='word_1_214' title='bbox 433 4103 511 4166; x_wconf 76' lang='lat' dir='ltr'><strong>libro</strong></span> <span class='ocrx_word' id='word_1_215' title='bbox 526 4115 637 4187; x_wconf 66' lang='lat' dir='ltr'><strong>quareo</strong></span> <span class='ocrx_word' id='word_1_216' title='bbox 653 4105 873 4166; x_wconf 77' lang='lat' dir='ltr'><strong>sententiarum</strong></span> <span class='ocrx_word' id='word_1_217' title='bbox 910 4104 979 4167; x_wconf 89' lang='lat' dir='ltr'><strong>Non</strong></span> <span class='ocrx_word' id='word_1_218' title='bbox 996 4110 1069 4167; x_wconf 89' lang='lat' dir='ltr'><strong>sunt</strong></span> <span class='ocrx_word' id='word_1_219' title='bbox 1085 4102 1184 4184; x_wconf 89' lang='lat' dir='ltr'><strong>liberi,</strong></span> <span class='ocrx_word' id='word_1_220' title='bbox 1210 4101 1264 4186; x_wconf 87' lang='lat' dir='ltr'><strong>qui</strong></span> <span class='ocrx_word' id='word_1_221' title='bbox 1280 4108 1387 4164; x_wconf 91' lang='lat' dir='ltr'><strong>contra</strong></span> 
     </span>
     <span class='ocr_line' id='line_1_33' title="bbox 254 4195 1387 4291; baseline -0.001 -24"><span class='ocrx_word' id='word_1_222' title='bbox 254 4205 387 4270; x_wconf 86' lang='lat' dir='ltr'><strong>formam</strong></span> <span class='ocrx_word' id='word_1_223' title='bbox 413 4205 543 4271; x_wconf 88' lang='lat' dir='ltr'><strong>humani</strong></span> <span class='ocrx_word' id='word_1_224' title='bbox 570 4208 690 4290; x_wconf 82' lang='lat' dir='ltr'><strong>generis</strong></span> <span class='ocrx_word' id='word_1_225' title='bbox 716 4228 862 4271; x_wconf 86' lang='lat' dir='ltr'><strong>converso</strong></span> <span class='ocrx_word' id='word_1_226' title='bbox 885 4228 972 4270; x_wconf 85' lang='lat' dir='ltr'><strong>more</strong></span> <span class='ocrx_word' id='word_1_227' title='bbox 996 4213 1211 4291; x_wconf 87' lang='lat' dir='ltr'><strong>procreantur:</strong></span> <span class='ocrx_word' id='word_1_228' title='bbox 1240 4195 1337 4268; x_wconf 89' lang='lat' dir='ltr'><strong>veluti</strong></span> <span class='ocrx_word' id='word_1_229' title='bbox 1361 4204 1387 4267; x_wconf 90' lang='lat' dir='ltr'><strong>si</strong></span> 
     </span>
     <span class='ocr_line' id='line_1_34' title="bbox 255 4309 1387 4396; baseline -0.003 -24"><span class='ocrx_word' id='word_1_230' title='bbox 255 4309 367 4373; x_wconf 87' lang='lat' dir='ltr'><strong>mulier</strong></span> <span class='ocrx_word' id='word_1_231' title='bbox 389 4317 598 4374; x_wconf 88' lang='lat' dir='ltr'><strong>monstrosum</strong></span> <span class='ocrx_word' id='word_1_232' title='bbox 622 4311 742 4394; x_wconf 90' lang='lat' dir='ltr'><strong>aliquid</strong></span> <span class='ocrx_word' id='word_1_233' title='bbox 765 4321 819 4374; x_wconf 90' lang='lat' dir='ltr'><strong>aut</strong></span> <span class='ocrx_word' id='word_1_234' title='bbox 842 4310 1052 4396; x_wconf 82' lang='lat' dir='ltr'><strong>prodigiosum</strong></span> <span class='ocrx_word' id='word_1_235' title='bbox 1077 4309 1169 4374; x_wconf 87' lang='lat' dir='ltr'><strong>enixa</strong></span> <span class='ocrx_word' id='word_1_236' title='bbox 1192 4309 1242 4372; x_wconf 88' lang='lat' dir='ltr'><strong>sit.</strong></span> <span class='ocrx_word' id='word_1_237' title='bbox 1279 4314 1387 4391; x_wconf 87' lang='lat' dir='ltr'><strong>partus</strong></span> 
     </span>
     <span class='ocr_line' id='line_1_35' title="bbox 255 4412 1386 4497; baseline -0.003 -21"><span class='ocrx_word' id='word_1_238' title='bbox 255 4420 370 4493; x_wconf 89' lang='lat' dir='ltr'><strong>autern,</strong></span> <span class='ocrx_word' id='word_1_239' title='bbox 398 4414 452 4496; x_wconf 89' lang='lat' dir='ltr'><strong>qui</strong></span> <span class='ocrx_word' id='word_1_240' title='bbox 475 4415 683 4478; x_wconf 86' lang='lat' dir='ltr'><strong>membrorum</strong></span> <span class='ocrx_word' id='word_1_241' title='bbox 707 4415 916 4480; x_wconf 89' lang='lat' dir='ltr'><strong>humanorum</strong></span> <span class='ocrx_word' id='word_1_242' title='bbox 940 4414 1041 4477; x_wconf 87' lang='lat' dir='ltr'><strong>officia</strong></span> <span class='ocrx_word' id='word_1_243' title='bbox 1064 4413 1237 4497; x_wconf 90' lang='lat' dir='ltr'><strong>ampliavit,</strong></span> <span class='ocrx_word' id='word_1_244' title='bbox 1266 4412 1386 4495; x_wconf 86' lang='lat' dir='ltr'><strong>aliqua-</strong></span> 
     </span>
     <span class='ocr_line' id='line_1_36' title="bbox 255 4515 1333 4582; baseline -0.001 -4"><span class='ocrx_word' id='word_1_245' title='bbox 255 4523 346 4580; x_wconf 91' lang='lat' dir='ltr'><strong>tenus</strong></span> <span class='ocrx_word' id='word_1_246' title='bbox 369 4515 493 4580; x_wconf 84' lang='lat' dir='ltr'><strong>uidetur</strong></span> <span class='ocrx_word' id='word_1_247' title='bbox 516 4518 642 4581; x_wconf 86' lang='lat' dir='ltr'><strong>effectus</strong></span> <span class='ocrx_word' id='word_1_248' title='bbox 665 4526 695 4582; x_wconf 91' lang='grc'><strong>11</strong></span> <span class='ocrx_word' id='word_1_249' title='bbox 717 4517 786 4581; x_wconf 91' lang='lat' dir='ltr'><strong>ideo</strong></span> <span class='ocrx_word' id='word_1_250' title='bbox 809 4519 891 4582; x_wconf 89' lang='lat' dir='ltr'><strong>inter</strong></span> <span class='ocrx_word' id='word_1_251' title='bbox 913 4517 1026 4582; x_wconf 89' lang='lat' dir='ltr'><strong>liberos</strong></span> <span class='ocrx_word' id='word_1_252' title='bbox 1050 4516 1333 4582; x_wconf 86' lang='lat' dir='ltr'><strong>connumerabitur.</strong></span> 
     </span>
    </p>
   </div>
   <div class='ocr_carea' id='block_1_15' title="bbox 0 0 1734 5412">
    <p class='ocr_par' dir='ltr' id='par_1_15' title="bbox 0 0 1734 5412">
     <span class='ocr_line' id='line_1_37' title="bbox 0 0 1734 5412; baseline 0 0"><span class='ocrx_word' id='word_1_253' title='bbox 0 0 1734 5412; x_wconf 95' lang='lat' dir='ltr'><strong> </strong></span> 
     </span>
    </p>
   </div>
  </div>
 </body>
</html>
