3442 5412
665 430 880 494 ..75....

274 599 377 664 elerici
410 599 483 680 sint,
518 621 571 666 eos
603 602 642 665 ab
670 602 771 666 officio
799 601 1009 685 beneficioque
1036 603 1222 686 suspendas3
1258 603 1285 666 si
1312 623 1383 667 vero

272 703 344 767 laici
372 704 497 786 fuerint,
529 725 627 790 usque
655 705 695 768 ad
721 705 848 788 dignam
874 705 1121 770 satisfactionem
1147 705 1233 790 ipsos
1259 705 1383 770 vinculo

273 807 606 872 excommunicationis
628 808 812 891 adstringas.

164 957 245 1023 330.
271 959 297 1024 l.
319 958 361 1024 23
384 960 465 1042 Dig.
488 959 531 1026 de
553 978 629 1043 reg.
651 961 719 1027 iur.
737 960 854 1042 50,st

322 1078 479 1164 Ulpianus
512 1081 589 1144 libro
621 1083 783 1144 oloanolmo
809 1102 889 1144 nono
925 1084 967 1145 od
1000 1069 1154 1145 Sabinam
1202 1082 1384 1146 Contractus

273 1183 401 1267 quidam
424 1184 530 1248 dolum
553 1185 673 1248 malum
694 1185 861 1250 dumtaxat
883 1185 1048 1270 recipiunt,
1073 1185 1201 1269 quidam
1224 1191 1255 1249 et
1278 1186 1385 1249 dolum

273 1294 304 1350 et
327 1287 461 1371 culpam.
507 1287 613 1352 dolum
636 1297 774 1352 tantum:
799 1288 975 1373 depositum
998 1297 1030 1352 et
1050 1288 1236 1374 precarium.
1278 1289 1384 1353 dolum

278 1401 309 1453 et
332 1390 471 1473 culpam:
505 1389 699 1472 mandatum,
728 1391 969 1473 commodatum,
993 1390 1166 1470 venditum,
1189 1391 1310 1476 pignori
1334 1413 1385 1454 ao-

274 1501 409 1578 oeptum,
443 1493 590 1576 locatum,
625 1494 703 1558 item
730 1495 812 1558 dotis
840 1495 934 1574 datio,
969 1495 1096 1576 tutelae,
1132 1495 1256 1578 negotia
1284 1502 1383 1578 gesta:

272 1596 305 1659 in
333 1597 382 1660 his
410 1597 537 1680 quidem
565 1604 597 1661 et
619 1597 825 1682 diligentiam.
869 1603 1001 1662 societas
1027 1610 1058 1662 et
1080 1620 1182 1662 rerum
1205 1597 1383 1662 communio

274 1708 305 1763 et
331 1700 438 1763 dolum
465 1708 497 1764 et
525 1701 650 1785 culpam
672 1701 792 1786 recipit.
838 1701 892 1766 sed
915 1703 990 1766 haeo
1013 1703 1067 1780 ita,
1095 1701 1157 1764 nisi
1179 1701 1207 1764 si
1229 1699 1305 1783 quid
1324 1721 1384 1761 no·

273 1803 417 1866 minatim
441 1805 586 1869 convenit
600 1804 664 1886 (vel
681 1805 750 1888 plus
766 1806 815 1868 vel
831 1805 950 1886 minus)
964 1805 997 1868 in
1013 1804 1143 1886 singulis
1159 1802 1383 1866 contractibus:

274 1905 431 1969 namhoc
458 1907 643 1986 servabitur,
671 1906 752 1990 quod
780 1907 871 1970 initio
899 1907 1044 1971 convenit
1065 1906 1181 1988 (legem
1204 1906 1288 1970 enim
1311 1927 1384 1968 oon·

273 2014 391 2071 tractus
418 2008 530 2092 dedit),
554 2016 684 2094 excepto
708 2030 753 2090 eo,
776 2009 866 2093 quod
890 2010 996 2074 Celsus
1020 2018 1109 2095 putat
1131 2031 1194 2072 non
1216 2009 1330 2086 valere,
1358 2009 1385 2072 si

274 2111 461 2193 convenerit,
485 2133 525 2176 ne
548 2111 636 2177 dolus
658 2119 849 2194 praestetur:
872 2112 930 2176 hoo
953 2112 1036 2176 enim
1061 2113 1160 2176 bonae
1180 2111 1253 2176 fidei
1268 2111 1384 2175 iudicio

273 2215 462 2278 contrarium
491 2221 550 2278 est:
586 2222 617 2280 et
643 2215 689 2280 ita
711 2215 839 2280 utimur.
885 2215 1069 2280 animalium
1092 2237 1164 2279 vero
1188 2235 1278 2279 casus
1300 2237 1383 2279 mor-

273 2324 390 2401 tesque,
415 2338 495 2400 quae
517 2318 583 2381 sine
600 2318 693 2402 culpa
708 2318 862 2400 accidunt,
886 2319 976 2400 fugae
992 2339 1151 2383 servorum
1167 2318 1221 2401 qni
1237 2317 1385 2382 custodiri

272 2441 335 2483 non
347 2419 457 2501 solent,
474 2420 611 2504 rapinae,
628 2421 792 2502 tumultus,
809 2421 963 2501 incendia,
979 2442 1132 2504 aquarum
1143 2421 1382 2505 magnitudines

274 2522 409 2606 impetus
433 2523 626 2607 praedonum
649 2545 667 2586 a
690 2523 776 2587 nullo
800 2529 1008 2607 praestantur.

164 2683 238 2749 331.
274 2684 300 2749 l.
316 2684 380 2766 5,2
402 2684 483 2766 llig.
507 2684 677 2751 commod.
692 2684 743 2768 13,
755 2685 789 2750 6.
826 2755 829 2762 ,

323 2803 353 2868 U
354 2806 480 2889 brionas
495 2805 574 2867 libro
587 2807 749 2868 vicensimo
764 2816 868 2868 oolaoo
885 2806 1073 2870 adadorum
1106 2807 1194 2870 Nunc
1213 2807 1385 2872 videndum

272 2915 329 2988 cst,
364 2907 439 2992 quid
467 2908 574 2972 veniat
599 2908 631 2972 in
660 2909 848 2972 commodati
876 2909 1007 2990 actione,
1035 2916 1142 2973 utrum
1170 2909 1259 2974 dolus
1287 2933 1327 2974 an
1354 2917 1384 2974 et

273 3010 365 3095 culpa
388 3033 426 3074 au
451 3032 524 3076 vero
547 3018 578 3075 et
601 3033 693 3077 omne
717 3013 901 3097 periculum.
936 3013 1109 3096 etquidem
1125 3014 1158 3078 in
1175 3014 1384 3078 contractibus

225 3183 227 3190 ,
274 3114 432 3179 interdum
455 3115 560 3179 dolum
585 3116 696 3198 solum,
720 3116 877 3180 interdum
902 3125 933 3180 et
956 3117 1080 3201 culpam
1095 3125 1304 3202 praestamus:
1329 3117 1383 3180 do-

160 3205 162 3208 ’
276 3217 342 3281 lum
365 3219 399 3282 iu
422 3217 577 3302 deposito:
601 3240 676 3282 nam
699 3219 774 3302 quia
795 3219 883 3283 nulla
906 3220 1027 3282 utilitas
1050 3219 1117 3282 eius
1138 3228 1280 3284 versatur
1302 3220 1384 3304 apud

273 3342 368 3404 quem
391 3321 567 3405 deponitur,
590 3322 701 3385 merito
726 3322 815 3385 dolus
839 3329 1013 3406 praestatur
1035 3313 1134 3386 solus:
1169 3323 1232 3386 nisi
1253 3324 1331 3387 forte
1354 3331 1385 3387 et

273 3445 391 3488 merces
414 3424 543 3489 accessit
557 3424 648 3506 (tuno
664 3425 757 3507 enim,
781 3432 817 3488 ut
832 3434 879 3489 est
895 3433 926 3489 et
942 3426 1157 3506 constitutum,
1182 3427 1277 3490 etiam
1293 3427 1386 3512 culpa

274 3527 455 3608 exhibetur)
476 3535 531 3590 aut
553 3527 580 3590 si
601 3527 660 3590 hoc
676 3528 714 3590 ab
731 3527 821 3592 initio
838 3528 992 3610 convenit,
1017 3536 1052 3592 ut
1068 3537 1098 3592 et
1115 3529 1240 3615 culpam
1255 3537 1286 3594 et
1302 3531 1384 3615 peri-

274 3629 379 3694 culum
403 3636 540 3715 praestet
562 3631 589 3694 is
613 3651 706 3713 penes
731 3652 824 3715 quem
847 3631 1022 3717 deponitur.
1068 3633 1122 3696 sed
1147 3633 1201 3697 ubi
1223 3634 1386 3716 utriusque

273 3733 394 3796 utilitas
416 3733 558 3812 vertitur,
581 3734 673 3797 utin
697 3743 810 3819 empto,
834 3737 925 3798 utin
948 3736 1058 3816 locato,
1082 3737 1173 3800 utin
1197 3736 1278 3816 dote,
1302 3743 1337 3799 ut
1352 3737 1385 3800 in

271 3835 408 3918 pignore,
431 3844 467 3900 ut
490 3836 522 3899 in
545 3836 703 3916 societate,
726 3845 757 3900 et
781 3837 869 3902 dolus
892 3844 922 3901 et
945 3839 1037 3923 culpa
1059 3846 1245 3922 praestatur.

165 3993 243 4060 aaa.
273 3995 298 4062 l.
313 3996 395 4078 rao
417 3998 499 4080 mg.
522 3997 567 4063 au
589 3998 658 4080 reg.
682 3997 801 4079 nquu.
818 3998 852 4080 o,
865 4001 896 4064 a.

323 4117 480 4202 Ulploaoe
514 4119 590 4181 libro
623 4131 726 4182 octavo
753 4121 867 4182 docimo
892 4120 935 4182 cd
959 4121 1090 4184 edictum
1140 4119 1173 4184 Si
1200 4120 1385 4185 fornicarius

273 4241 381 4285 servus
404 4222 505 4286 coloni
528 4222 567 4285 ad
589 4224 745 4286 fornacem
769 4223 974 4287 obdormisset
997 4230 1028 4288 et
1050 4224 1126 4288 villa
1147 4225 1242 4288 fuerit
1265 4231 1384 4306 exusta,

274 4323 420 4389 Neratius
453 4326 563 4389 scribit
596 4347 635 4389 ex
669 4327 769 4390 locato
804 4334 993 4391 conventum
1020 4336 1177 4412 praestare
1204 4326 1325 4408 debere,
1359 4327 1386 4390 si

274 4428 437 4510 neglegens
459 4429 493 4492 in
516 4428 666 4511 eligendis
688 4429 871 4494 ministeriis
891 4430 965 4494 fuit:
991 4436 1128 4494 ceterum
1143 4430 1170 4492 si
1186 4429 1266 4492 alius
1282 4429 1385 4510 ignem

275 4530 442 4594 subiecerit
468 4531 595 4613 fornaci,
625 4532 706 4596 alius
728 4533 925 4616 neglegenter
947 4532 1138 4609 custodierit,
1167 4553 1207 4596 an
1229 4531 1386 4617 tenebitur
