3442 5412
513 1291 1083 1420 idemnmmm

220 1534 249 1600 1.
270 1534 295 1600 l.
311 1533 394 1616 eal
419 1533 499 1614 big.
524 1532 566 1598 tie
588 1531 697 1614 legib.
713 1531 741 1616 1,
753 1531 785 1597 3.

314 1655 460 1738 lolianus
476 1655 554 1716 libro
569 1651 782 1717 LXXXIIII
790 1655 974 1737 digestorum
1019 1655 1197 1718 inveterata
1213 1655 1403 1719 consuetudo

193 1799 195 1802 -
239 1839 240 1846 ἵ
271 1781 326 1843 pro
349 1759 416 1842 lege
438 1779 500 1822 non
523 1757 683 1822 immerito·
700 1757 882 1838 custoditur,
910 1764 941 1822 et
962 1758 1020 1823 hoo
1043 1763 1090 1821 est
1112 1757 1161 1821 ius
1185 1757 1266 1842 quod
1291 1757 1405 1822 dicitur·

271 1863 410 1926 moribus
431 1861 645 1926 constitutum.
692 1883 764 1925 nam
787 1883 857 1924 cum
879 1861 963 1945 ipsae
979 1861 1061 1944 leges
1076 1861 1164 1924 nulla
1179 1861 1241 1924 alia
1257 1883 1295 1925 ex
1311 1882 1404 1925 causa

270 1987 326 2030 nos
353 1972 489 2038 teneant,
518 1986 613 2048 quam
641 1965 724 2048 quod
750 1963 865 2029 iudicio
888 1964 996 2048 populi
1018 1976 1161 2049 receptae
1182 1971 1265 2046 sunt,
1292 1965 1403 2029 merito

272 2077 303 2133 et
323 2090 368 2152 ea,
391 2089 471 2153 quae
492 2068 559 2132 sine
579 2068 642 2132 ullo
658 2067 773 2152 scripto
790 2068 924 2152 populus
940 2068 1093 2152 probavit,
1115 2069 1264 2132 tenebunt
1281 2089 1403 2133 omnes:

203 2252 205 2258 Ι
227 2207 228 2212 1
272 2195 343 2236 nam
368 2171 444 2256 quid
466 2171 597 2235 interest
619 2171 764 2254 suffragio
787 2171 921 2256 populus
944 2172 1138 2236 voluntatem
1159 2192 1248 2236 suam
1268 2173 1404 2236 declaret

272 2275 424 2339 anrebus
443 2274 520 2358 ipsis
540 2282 570 2338 et
590 2274 699 2338 iactis?
723 2295 818 2357 quare
839 2273 1010 2338 rectissime
1031 2274 1125 2338 etiam
1146 2274 1224 2338 illud
1244 2280 1402 2358 receptum

273 2384 329 2458 est,
353 2383 389 2440 ut
412 2376 494 2460 leges
518 2398 581 2440 non
602 2377 703 2440 solum
724 2376 869 2458 suffragio
889 2376 1100 2458 legislatoris
1122 2377 1175 2440 sed
1197 2376 1293 2440 etiam
1307 2375 1402 2440 tacito

272 2500 424 2545 consensu
448 2480 589 2542 omniurn
612 2501 667 2563 per
690 2478 927 2543 desuetudinem
952 2479 1147 2561 abrogentur.

218 2621 249 2685 2.
273 2618 334 2704 §9
357 2619 447 2686 Inst.
471 2619 513 2684 de
535 2619 605 2684 iure
628 2618 700 2684 nat.
715 2618 744 2699 1,
756 2621 787 2683 2.

202 2819 207 2827 ¹
314 2740 360 2804 Ex
392 2762 452 2806 non
486 2739 601 2824 scripto
629 2741 677 2804 ius
706 2739 801 2821 venit,
837 2740 919 2823 quod
954 2760 1029 2804 usus
1063 2741 1286 2825 comprobavit.
1331 2762 1402 2804 narn

193 2841 197 2846 ’
273 2843 413 2907 diuturni
433 2863 534 2908 mores
556 2864 705 2907 consensu
728 2843 886 2906 utentium
907 2843 1098 2926 comprobati
1114 2843 1214 2925 legem
1230 2845 1403 2908 imitantur.

217 2980 249 3047 a
271 2982 297 3048 1.
312 2981 355 3046 aa
378 2981 460 3064 mg.
484 2982 529 3072 nc¹
548 2983 657 3064 agro.
672 2981 701 3064 1,
714 2981 746 3048 a.

322 3100 476 3186 Ulpianus
499 3102 575 3166 libro
596 3105 699 3188 primo
726 3105 761 3166 dc
789 3102 888 3186 officio
912 3103 1105 3187 proconsulis
1149 3102 1305 3196 Diuturna
1331 3123 1404 3166 con-

168 3211 171 3214 ’
272 3204 403 3269 suetudo
424 3227 479 3290 pro
500 3205 566 3270 iure
587 3215 618 3270 et
638 3206 704 3290 lege
724 3207 757 3270 in
777 3206 826 3270 his
846 3227 926 3290 quae
946 3227 1008 3269 non
1029 3205 1197 3290 exscripto
1214 3205 1405 3270 descendunt

273 3308 432 3372 observari
455 3308 542 3373 solet.

217 3443 250 3510 4.
272 3447 297 3512 l.
314 3446 358 3510 39
383 3446 463 3530 liig.
486 3447 529 3514 de
551 3448 661 3528 legib.
677 3446 706 3529 1,
718 3446 750 3512 3.

317 3565 419 3630 &bus
436 3567 512 3630 libro
524 3566 655 3630 XXIII
660 3568 842 3651 digestorum
875 3565 963 3644 Quod
975 3588 1037 3629 non
1050 3566 1171 3630 ratione
1182 3566 1405 3647 introductum,

272 3669 326 3734 sed
350 3692 451 3735 errore
470 3671 618 3755 primum,
642 3671 755 3735 deinde
775 3669 997 3735 consuetudine
1019 3677 1181 3766 optentum
1202 3677 1258 3748 est,
1281 3670 1314 3734 in
1336 3670 1405 3734 aliis

272 3773 427 3837 similibus
450 3775 665 3860 nonoptinet.

218 3909 250 3976 5.
274 3911 437 3994 Epistula
457 3911 636 3986 Severiet
655 3913 855 3981 Caracallus
875 3913 919 3978 ad
939 3913 1109 4000 Tyranos.
1139 3931 1170 3977 a.
1185 3911 1249 3976 201
1272 3909 1403 3994 (dia.

272 4015 404 4078 111781.
442 4014 548 4078 Boane
572 4015 704 4080 Fontes⁶
725 4039 755 4102 p.
773 4017 860 4099 246).

315 4136 512 4220 Quamquam
540 4137 734 4219 Tyranorum
765 4137 875 4202 civitas
902 4137 1052 4220 originem
1081 4136 1146 4200 dati
1167 4136 1314 4200 beneficii
1343 4158 1404 4202 non

273 4239 427 4318 ostendat,
455 4260 512 4302 nec
539 4240 629 4304 facile
658 4262 738 4325 quae
760 4262 815 4324 per
838 4262 972 4305 errorem
996 4249 1050 4304 aut
1072 4240 1233 4304 licentiam
1256 4248 1406 4325 usurpata

273 4347 355 4420 sunt,
372 4341 617 4426 praescriptione
632 4343 782 4428 temporis
799 4344 1028 4423 confirmentur,
1044 4351 1159 4425 tamen,
1177 4343 1325 4426 quoniam
1341 4342 1405 4408 divi

271 4445 424 4508 Antonini
452 4446 591 4530 parentis
619 4447 718 4510 nostri
744 4447 865 4511 litteras
893 4448 948 4510 sed
976 4461 1007 4511 et
1029 4449 1159 4510 fratrum
1181 4446 1404 4530 imperatorum

273 4548 452 4631 cogitamus,
470 4549 545 4612 item
558 4549 688 4613 Antonii
701 4549 810 4614 Hiberi
826 4549 1001 4632 gravissimi
1016 4548 1177 4638 praesidis,
1194 4548 1277 4631 quod
1293 4549 1407 4613 attinet

1218 4667 1252 4720 1*
