<?xml version="1.0" encoding="UTF-8"?>
<!DOCTYPE html PUBLIC "-//W3C//DTD XHTML 1.0 Transitional//EN"
    "http://www.w3.org/TR/xhtml1/DTD/xhtml1-transitional.dtd">
<html xmlns="http://www.w3.org/1999/xhtml" xml:lang="en" lang="en">
 <head>
  <title>
</title>
<meta http-equiv="Content-Type" content="text/html;charset=utf-8" />
  <meta name='ocr-system' content='tesseract 3.04.00' />
  <meta name='ocr-capabilities' content='ocr_page ocr_carea ocr_par ocr_line ocrx_word'/>
</head>
<body>
  <div class='ocr_page' id='page_1' title='image "ausgewhltequell00kbgoog_0099.png"; bbox 0 0 3442 5412; ppageno 0'>
   <div class='ocr_carea' id='block_1_1' title="bbox 820 414 1035 478">
    <p class='ocr_par' dir='ltr' id='par_1_1' title="bbox 820 414 1035 478">
     <span class='ocr_line' id='line_1_1' title="bbox 820 414 1035 478; baseline 0 -16"><span class='ocrx_word' id='word_1_1' title='bbox 820 414 1035 478; x_wconf 68' lang='lat'>..92-</span> 
     </span>
    </p>
   </div>
   <div class='ocr_carea' id='block_1_2' title="bbox 429 583 1541 877">
    <p class='ocr_par' dir='ltr' id='par_1_2' title="bbox 429 583 1541 877">
     <span class='ocr_line' id='line_1_2' title="bbox 429 583 1541 669; baseline -0.003 -20"><span class='ocrx_word' id='word_1_2' title='bbox 429 585 525 669; x_wconf 85' lang='lat' dir='ltr'><strong>igitur</strong></span> <span class='ocrx_word' id='word_1_3' title='bbox 548 585 639 649; x_wconf 87' lang='lat' dir='ltr'><strong>aedes</strong></span> <span class='ocrx_word' id='word_1_4' title='bbox 654 585 731 650; x_wconf 91' lang='lat' dir='ltr'><strong>vitio</strong></span> <span class='ocrx_word' id='word_1_5' title='bbox 747 585 827 668; x_wconf 79' lang='lat' dir='ltr'><strong>tigni</strong></span> <span class='ocrx_word' id='word_1_6' title='bbox 842 592 1032 666; x_wconf 86' lang='lat' dir='ltr'><strong>corruerunt,</strong></span> <span class='ocrx_word' id='word_1_7' title='bbox 1057 584 1181 649; x_wconf 89' lang='lat' dir='ltr'><strong>aedium</strong></span> <span class='ocrx_word' id='word_1_8' title='bbox 1197 583 1455 663; x_wconf 76' lang='lat' dir='ltr'><strong>aestimationem,</strong></span> <span class='ocrx_word' id='word_1_9' title='bbox 1476 583 1541 647; x_wconf 89' lang='lat' dir='ltr'><strong>sive</strong></span> 
     </span>
     <span class='ocr_line' id='line_1_3' title="bbox 429 685 1541 774; baseline -0.004 -21"><span class='ocrx_word' id='word_1_10' title='bbox 429 710 540 774; x_wconf 89' lang='lat' dir='ltr'><strong>pecora</strong></span> <span class='ocrx_word' id='word_1_11' title='bbox 567 688 750 770; x_wconf 80' lang='lat' dir='ltr'>contagione</span> <span class='ocrx_word' id='word_1_12' title='bbox 776 689 911 753; x_wconf 88' lang='lat' dir='ltr'><strong>morbosi</strong></span> <span class='ocrx_word' id='word_1_13' title='bbox 940 688 1059 774; x_wconf 89' lang='lat' dir='ltr'><strong>pecoris</strong></span> <span class='ocrx_word' id='word_1_14' title='bbox 1090 689 1258 774; x_wconf 88' lang='lat' dir='ltr'><strong>perierunt,</strong></span> <span class='ocrx_word' id='word_1_15' title='bbox 1291 687 1375 771; x_wconf 93' lang='lat' dir='ltr'><strong>quod</strong></span> <span class='ocrx_word' id='word_1_16' title='bbox 1399 685 1541 751; x_wconf 82' lang='lat' dir='ltr'><strong>interfuit</strong></span> 
     </span>
     <span class='ocr_line' id='line_1_4' title="bbox 429 791 1020 877; baseline 0 -22"><span class='ocrx_word' id='word_1_17' title='bbox 429 791 542 857; x_wconf 85' lang='lat' dir='ltr'><strong>idonea</strong></span> <span class='ocrx_word' id='word_1_18' title='bbox 564 791 685 856; x_wconf 89' lang='lat' dir='ltr'><strong>venisse</strong></span> <span class='ocrx_word' id='word_1_19' title='bbox 708 792 767 856; x_wconf 90' lang='lat' dir='ltr'><strong>erit</strong></span> <span class='ocrx_word' id='word_1_20' title='bbox 789 792 1020 877; x_wconf 87' lang='lat' dir='ltr'><strong>praestandum.</strong></span> 
     </span>
    </p>
   </div>
   <div class='ocr_carea' id='block_1_3' title="bbox 233 929 1019 1014">
    <p class='ocr_par' dir='ltr' id='par_1_3' title="bbox 233 929 1019 1014">
     <span class='ocr_line' id='line_1_5' title="bbox 233 929 1019 1014; baseline 0.006 -24"><span class='ocrx_word' id='word_1_21' title='bbox 233 981 236 990; x_wconf 35' lang='lat'>2</span> <span class='ocrx_word' id='word_1_22' title='bbox 322 930 403 996; x_wconf 77' lang='lat' dir='ltr'><strong>roe.</strong></span> <span class='ocrx_word' id='word_1_23' title='bbox 432 930 635 1013; x_wconf 78' lang='lat' dir='ltr'><strong>t.l,21tig.</strong></span> <span class='ocrx_word' id='word_1_24' title='bbox 658 930 701 997; x_wconf 82' lang='lat' dir='ltr'><strong>ee</strong></span> <span class='ocrx_word' id='word_1_25' title='bbox 724 929 828 998; x_wconf 73' lang='lat' dir='ltr'><strong>eoru.</strong></span> <span class='ocrx_word' id='word_1_26' title='bbox 852 930 907 998; x_wconf 84' lang='lat' dir='ltr'><strong>ea.</strong></span> <span class='ocrx_word' id='word_1_27' title='bbox 930 930 978 1014; x_wconf 84' lang='lat'><strong>21,</strong></span> <span class='ocrx_word' id='word_1_28' title='bbox 989 930 1019 996; x_wconf 92' lang='lat'><strong>1.</strong></span> 
     </span>
    </p>
   </div>
   <div class='ocr_carea' id='block_1_4' title="bbox 386 1049 1542 1654">
    <p class='ocr_par' dir='ltr' id='par_1_4' title="bbox 386 1049 1542 1654">
     <span class='ocr_line' id='line_1_6' title="bbox 386 1049 1542 1136; baseline -0.002 -22"><span class='ocrx_word' id='word_1_29' title='bbox 386 1073 389 1076; x_wconf 89' lang='lat'>·</span> <span class='ocrx_word' id='word_1_30' title='bbox 480 1049 631 1136; x_wconf 81' lang='lat' dir='ltr'><strong>Ulpianus</strong></span> <span class='ocrx_word' id='word_1_31' title='bbox 653 1051 730 1114; x_wconf 78' lang='lat' dir='ltr'><strong>libro</strong></span> <span class='ocrx_word' id='word_1_32' title='bbox 750 1053 854 1136; x_wconf 81' lang='lat' dir='ltr'><strong>primo</strong></span> <span class='ocrx_word' id='word_1_33' title='bbox 876 1053 920 1114; x_wconf 88' lang='lat' dir='ltr'><strong>ad</strong></span> <span class='ocrx_word' id='word_1_34' title='bbox 940 1053 1069 1115; x_wconf 84' lang='lat' dir='ltr'><strong>edictam</strong></span> <span class='ocrx_word' id='word_1_35' title='bbox 1085 1052 1236 1115; x_wconf 81' lang='lat' dir='ltr'><strong>aedilium</strong></span> <span class='ocrx_word' id='word_1_36' title='bbox 1250 1051 1408 1114; x_wconf 80' lang='lat' dir='ltr'><strong>carutium</strong></span> <span class='ocrx_word' id='word_1_37' title='bbox 1442 1049 1542 1113; x_wconf 82' lang='lat' dir='ltr'><strong>Causa</strong></span> 
     </span>
     <span class='ocr_line' id='line_1_7' title="bbox 430 1152 1541 1240; baseline -0.003 -22"><span class='ocrx_word' id='word_1_38' title='bbox 430 1155 522 1220; x_wconf 88' lang='lat' dir='ltr'><strong>buius</strong></span> <span class='ocrx_word' id='word_1_39' title='bbox 544 1155 638 1219; x_wconf 91' lang='lat' dir='ltr'><strong>edicti</strong></span> <span class='ocrx_word' id='word_1_40' title='bbox 658 1155 850 1240; x_wconf 91' lang='lat' dir='ltr'><strong>proponendi</strong></span> <span class='ocrx_word' id='word_1_41' title='bbox 866 1162 921 1236; x_wconf 90' lang='lat' dir='ltr'><strong>est,</strong></span> <span class='ocrx_word' id='word_1_42' title='bbox 945 1163 980 1220; x_wconf 88' lang='lat' dir='ltr'><strong>ut</strong></span> <span class='ocrx_word' id='word_1_43' title='bbox 999 1162 1178 1220; x_wconf 90' lang='lat' dir='ltr'><strong>occurratur</strong></span> <span class='ocrx_word' id='word_1_44' title='bbox 1192 1154 1324 1219; x_wconf 83' lang='lat' dir='ltr'><strong>fallaciis</strong></span> <span class='ocrx_word' id='word_1_45' title='bbox 1338 1152 1541 1219; x_wconf 86' lang='lat' dir='ltr'><strong>vendentium</strong></span> 
     </span>
     <span class='ocr_line' id='line_1_8' title="bbox 431 1257 1541 1342; baseline -0.002 -20"><span class='ocrx_word' id='word_1_46' title='bbox 431 1265 462 1322; x_wconf 92' lang='lat' dir='ltr'><strong>et</strong></span> <span class='ocrx_word' id='word_1_47' title='bbox 489 1259 680 1342; x_wconf 86' lang='lat' dir='ltr'><strong>emptoribus</strong></span> <span class='ocrx_word' id='word_1_48' title='bbox 707 1267 895 1337; x_wconf 83' lang='lat' dir='ltr'><strong>sucurrntm,</strong></span> <span class='ocrx_word' id='word_1_49' title='bbox 923 1259 1112 1342; x_wconf 84' lang='lat' dir='ltr'><strong>quicumque</strong></span> <span class='ocrx_word' id='word_1_50' title='bbox 1140 1258 1261 1342; x_wconf 89' lang='lat' dir='ltr'><strong>decepti</strong></span> <span class='ocrx_word' id='word_1_51' title='bbox 1287 1281 1306 1322; x_wconf 89' lang='lat' dir='ltr'><strong>a</strong></span> <span class='ocrx_word' id='word_1_52' title='bbox 1328 1257 1541 1322; x_wconf 87' lang='lat' dir='ltr'><strong>venditoribus</strong></span> 
     </span>
     <span class='ocr_line' id='line_1_9' title="bbox 430 1361 1541 1445; baseline -0.003 -19"><span class='ocrx_word' id='word_1_53' title='bbox 430 1363 558 1426; x_wconf 90' lang='lat' dir='ltr'><strong>fuerint:</strong></span> <span class='ocrx_word' id='word_1_54' title='bbox 589 1361 758 1428; x_wconf 92' lang='lat' dir='ltr'><strong>dummodo</strong></span> <span class='ocrx_word' id='word_1_55' title='bbox 785 1361 920 1426; x_wconf 89' lang='lat' dir='ltr'><strong>sciamus</strong></span> <span class='ocrx_word' id='word_1_56' title='bbox 947 1363 1151 1445; x_wconf 88' lang='lat' dir='ltr'><strong>venditorem,</strong></span> <span class='ocrx_word' id='word_1_57' title='bbox 1180 1363 1300 1426; x_wconf 75' lang='lat' dir='ltr'><strong>etiamsi</strong></span> <span class='ocrx_word' id='word_1_58' title='bbox 1329 1361 1483 1444; x_wconf 83' lang='lat' dir='ltr'><strong>ignoravit</strong></span> <span class='ocrx_word' id='word_1_59' title='bbox 1505 1381 1541 1424; x_wconf 88' lang='lat' dir='ltr'><strong>ea</strong></span> 
     </span>
     <span class='ocr_line' id='line_1_10' title="bbox 430 1465 1541 1551; baseline -0.002 -22"><span class='ocrx_word' id='word_1_60' title='bbox 430 1487 510 1550; x_wconf 89' lang='lat' dir='ltr'><strong>quae</strong></span> <span class='ocrx_word' id='word_1_61' title='bbox 538 1465 654 1530; x_wconf 81' lang='lat' dir='ltr'><strong>aediles</strong></span> <span class='ocrx_word' id='word_1_62' title='bbox 681 1466 833 1551; x_wconf 86' lang='lat' dir='ltr'><strong>praestari</strong></span> <span class='ocrx_word' id='word_1_63' title='bbox 858 1466 977 1546; x_wconf 90' lang='lat' dir='ltr'><strong>iubent,</strong></span> <span class='ocrx_word' id='word_1_64' title='bbox 1006 1474 1112 1530; x_wconf 89' lang='lat' dir='ltr'><strong>tamen</strong></span> <span class='ocrx_word' id='word_1_65' title='bbox 1139 1467 1239 1531; x_wconf 86' lang='lat' dir='ltr'><strong>teneri</strong></span> <span class='ocrx_word' id='word_1_66' title='bbox 1266 1466 1387 1530; x_wconf 90' lang='lat' dir='ltr'><strong>debere.</strong></span> <span class='ocrx_word' id='word_1_67' title='bbox 1415 1485 1473 1529; x_wconf 92' lang='lat' dir='ltr'><strong>nec</strong></span> <span class='ocrx_word' id='word_1_68' title='bbox 1496 1471 1541 1528; x_wconf 89' lang='lat' dir='ltr'><strong>est</strong></span> 
     </span>
     <span class='ocr_line' id='line_1_11' title="bbox 430 1569 1541 1654; baseline -0.002 -21"><span class='ocrx_word' id='word_1_69' title='bbox 430 1570 488 1633; x_wconf 93' lang='lat' dir='ltr'><strong>hoc</strong></span> <span class='ocrx_word' id='word_1_70' title='bbox 515 1569 674 1652; x_wconf 91' lang='lat' dir='ltr'><strong>iniquum:</strong></span> <span class='ocrx_word' id='word_1_71' title='bbox 710 1570 813 1654; x_wconf 91' lang='lat' dir='ltr'><strong>potuit</strong></span> <span class='ocrx_word' id='word_1_72' title='bbox 840 1569 922 1633; x_wconf 90' lang='lat' dir='ltr'><strong>enim</strong></span> <span class='ocrx_word' id='word_1_73' title='bbox 951 1591 988 1634; x_wconf 90' lang='lat' dir='ltr'><strong>ea</strong></span> <span class='ocrx_word' id='word_1_74' title='bbox 1014 1579 1089 1634; x_wconf 87' lang='lat' dir='ltr'><strong>nota</strong></span> <span class='ocrx_word' id='word_1_75' title='bbox 1116 1569 1228 1634; x_wconf 89' lang='lat' dir='ltr'><strong>habere</strong></span> <span class='ocrx_word' id='word_1_76' title='bbox 1254 1569 1411 1634; x_wconf 88' lang='lat' dir='ltr'><strong>venditor:</strong></span> <span class='ocrx_word' id='word_1_77' title='bbox 1442 1588 1541 1652; x_wconf 89' lang='lat' dir='ltr'><strong>neque</strong></span> 
     </span>
    </p>
   </div>
   <div class='ocr_carea' id='block_1_5' title="bbox 431 1672 1541 1840">
    <p class='ocr_par' dir='ltr' id='par_1_5' title="bbox 431 1672 1541 1840">
     <span class='ocr_line' id='line_1_12' title="bbox 431 1672 1541 1757; baseline -0.003 -20"><span class='ocrx_word' id='word_1_78' title='bbox 431 1672 513 1737; x_wconf 87' lang='lat' dir='ltr'><strong>enirn</strong></span> <span class='ocrx_word' id='word_1_79' title='bbox 537 1673 667 1736; x_wconf 90' lang='lat' dir='ltr'><strong>interest</strong></span> <span class='ocrx_word' id='word_1_80' title='bbox 690 1673 848 1757; x_wconf 91' lang='lat' dir='ltr'><strong>emptoris,</strong></span> <span class='ocrx_word' id='word_1_81' title='bbox 873 1693 928 1736; x_wconf 91' lang='lat' dir='ltr'><strong>cur</strong></span> <span class='ocrx_word' id='word_1_82' title='bbox 949 1672 1086 1754; x_wconf 86' lang='lat' dir='ltr'><strong>fallatur,</strong></span> <span class='ocrx_word' id='word_1_83' title='bbox 1110 1672 1286 1755; x_wconf 84' lang='lat' dir='ltr'><strong>ignorantia</strong></span> <span class='ocrx_word' id='word_1_84' title='bbox 1308 1672 1480 1737; x_wconf 88' lang='lat' dir='ltr'><strong>venditoris</strong></span> <span class='ocrx_word' id='word_1_85' title='bbox 1502 1692 1541 1735; x_wconf 91' lang='lat' dir='ltr'><strong>an</strong></span> 
     </span>
     <span class='ocr_line' id='line_1_13' title="bbox 431 1775 611 1840; baseline 0 0"><span class='ocrx_word' id='word_1_86' title='bbox 431 1775 611 1840; x_wconf 87' lang='lat' dir='ltr'><strong>calliditate.</strong></span> 
     </span>
    </p>
   </div>
   <div class='ocr_carea' id='block_1_6' title="bbox 323 1913 1044 1997">
    <p class='ocr_par' dir='ltr' id='par_1_6' title="bbox 323 1913 1044 1997">
     <span class='ocr_line' id='line_1_14' title="bbox 323 1913 1044 1997; baseline -0.001 -16"><span class='ocrx_word' id='word_1_87' title='bbox 323 1914 406 1981; x_wconf 79' lang='lat'><strong>406.</strong></span> <span class='ocrx_word' id='word_1_88' title='bbox 432 1916 457 1982; x_wconf 89' lang='lat' dir='ltr'><strong>l.</strong></span> <span class='ocrx_word' id='word_1_89' title='bbox 473 1914 557 1997; x_wconf 55' lang='lat' dir='ltr'><strong>28st</strong></span> <span class='ocrx_word' id='word_1_90' title='bbox 579 1915 660 1996; x_wconf 82' lang='lat' dir='ltr'><strong>Dig.</strong></span> <span class='ocrx_word' id='word_1_91' title='bbox 684 1915 727 1981; x_wconf 87' lang='lat' dir='ltr'><strong>de</strong></span> <span class='ocrx_word' id='word_1_92' title='bbox 750 1915 853 1981; x_wconf 87' lang='lat' dir='ltr'><strong>aedil.</strong></span> <span class='ocrx_word' id='word_1_93' title='bbox 876 1915 931 1981; x_wconf 87' lang='lat' dir='ltr'><strong>ed.</strong></span> <span class='ocrx_word' id='word_1_94' title='bbox 954 1913 1044 1996; x_wconf 77' lang='lat' dir='ltr'><strong>21,t</strong></span> 
     </span>
    </p>
   </div>
   <div class='ocr_carea' id='block_1_7' title="bbox 430 2034 1541 2326">
    <p class='ocr_par' dir='ltr' id='par_1_7' title="bbox 430 2034 1541 2326">
     <span class='ocr_line' id='line_1_15' title="bbox 480 2034 1540 2120; baseline 0.001 -22"><span class='ocrx_word' id='word_1_95' title='bbox 480 2034 634 2120; x_wconf 77' lang='lat' dir='ltr'><strong>Ulpianus</strong></span> <span class='ocrx_word' id='word_1_96' title='bbox 649 2036 724 2099; x_wconf 80' lang='lat' dir='ltr'><strong>libro</strong></span> <span class='ocrx_word' id='word_1_97' title='bbox 736 2038 842 2120; x_wconf 83' lang='lat' dir='ltr'><strong>priato</strong></span> <span class='ocrx_word' id='word_1_98' title='bbox 857 2039 900 2099; x_wconf 86' lang='lat' dir='ltr'><strong>ud</strong></span> <span class='ocrx_word' id='word_1_99' title='bbox 913 2038 1045 2100; x_wconf 82' lang='lat' dir='ltr'><strong>edictam</strong></span> <span class='ocrx_word' id='word_1_100' title='bbox 1059 2037 1207 2100; x_wconf 79' lang='lat' dir='ltr'><strong>aedilium</strong></span> <span class='ocrx_word' id='word_1_101' title='bbox 1223 2037 1379 2100; x_wconf 78' lang='lat' dir='ltr'><strong>curalium</strong></span> <span class='ocrx_word' id='word_1_102' title='bbox 1401 2035 1540 2099; x_wconf 89' lang='lat' dir='ltr'><strong>Iulianus</strong></span> 
     </span>
     <span class='ocr_line' id='line_1_16' title="bbox 430 2138 1541 2224; baseline -0.001 -21"><span class='ocrx_word' id='word_1_103' title='bbox 430 2140 475 2203; x_wconf 92' lang='lat' dir='ltr'><strong>ait</strong></span> <span class='ocrx_word' id='word_1_104' title='bbox 489 2139 642 2203; x_wconf 89' lang='lat' dir='ltr'><strong>iudicium</strong></span> <span class='ocrx_word' id='word_1_105' title='bbox 657 2139 877 2205; x_wconf 89' lang='lat' dir='ltr'><strong>redhibitoriae</strong></span> <span class='ocrx_word' id='word_1_106' title='bbox 894 2139 1025 2204; x_wconf 88' lang='lat' dir='ltr'><strong>actionis</strong></span> <span class='ocrx_word' id='word_1_107' title='bbox 1040 2147 1218 2224; x_wconf 89' lang='lat' dir='ltr'><strong>utrumque,</strong></span> <span class='ocrx_word' id='word_1_108' title='bbox 1238 2139 1271 2203; x_wconf 94' lang='lat' dir='ltr'><strong>id</strong></span> <span class='ocrx_word' id='word_1_109' title='bbox 1287 2147 1334 2204; x_wconf 89' lang='lat' dir='ltr'><strong>est</strong></span> <span class='ocrx_word' id='word_1_110' title='bbox 1347 2138 1541 2204; x_wconf 89' lang='lat' dir='ltr'><strong>venditorem</strong></span> 
     </span>
     <span class='ocr_line' id='line_1_17' title="bbox 430 2243 1470 2326; baseline 0.001 -21"><span class='ocrx_word' id='word_1_111' title='bbox 430 2251 462 2306; x_wconf 92' lang='lat' dir='ltr'><strong>et</strong></span> <span class='ocrx_word' id='word_1_112' title='bbox 484 2249 656 2326; x_wconf 88' lang='lat' dir='ltr'><strong>emptorem</strong></span> <span class='ocrx_word' id='word_1_113' title='bbox 678 2243 907 2326; x_wconf 86' lang='lat' dir='ltr'><strong>quodammodo</strong></span> <span class='ocrx_word' id='word_1_114' title='bbox 930 2244 963 2307; x_wconf 92' lang='lat' dir='ltr'><strong>in</strong></span> <span class='ocrx_word' id='word_1_115' title='bbox 987 2243 1142 2326; x_wconf 86' lang='lat' dir='ltr'><strong>integrum</strong></span> <span class='ocrx_word' id='word_1_116' title='bbox 1164 2243 1326 2307; x_wconf 89' lang='lat' dir='ltr'><strong>restituere</strong></span> <span class='ocrx_word' id='word_1_117' title='bbox 1348 2243 1470 2307; x_wconf 88' lang='lat' dir='ltr'><strong>debere.</strong></span> 
     </span>
    </p>
   </div>
   <div class='ocr_carea' id='block_1_8' title="bbox 324 2379 1049 2486">
    <p class='ocr_par' dir='ltr' id='par_1_8' title="bbox 324 2379 1049 2486">
     <span class='ocr_line' id='line_1_18' title="bbox 324 2379 1049 2486; baseline 0.001 -20"><span class='ocrx_word' id='word_1_118' title='bbox 324 2379 401 2468; x_wconf 79' lang='lat' dir='ltr'><strong>tot.</strong></span> <span class='ocrx_word' id='word_1_119' title='bbox 433 2404 457 2469; x_wconf 91' lang='lat'><strong>1.</strong></span> <span class='ocrx_word' id='word_1_120' title='bbox 473 2401 524 2485; x_wconf 83' lang='lat' dir='ltr'><strong>ar,</strong></span> <span class='ocrx_word' id='word_1_121' title='bbox 536 2401 571 2467; x_wconf 92' lang='lat'><strong>11</strong></span> <span class='ocrx_word' id='word_1_122' title='bbox 593 2404 673 2485; x_wconf 78' lang='lat' dir='ltr'><strong>mg.</strong></span> <span class='ocrx_word' id='word_1_123' title='bbox 697 2402 740 2470; x_wconf 80' lang='lat' dir='ltr'><strong>ae</strong></span> <span class='ocrx_word' id='word_1_124' title='bbox 763 2403 868 2470; x_wconf 74' lang='lat' dir='ltr'><strong>aeut.</strong></span> <span class='ocrx_word' id='word_1_125' title='bbox 891 2402 945 2470; x_wconf 75' lang='lat' dir='ltr'><strong>er.</strong></span> <span class='ocrx_word' id='word_1_126' title='bbox 961 2403 1009 2486; x_wconf 85' lang='lat'><strong>21,</strong></span> <span class='ocrx_word' id='word_1_127' title='bbox 1020 2402 1049 2467; x_wconf 92' lang='lat'><strong>1.</strong></span> 
     </span>
    </p>
   </div>
   <div class='ocr_carea' id='block_1_9' title="bbox 432 2521 1543 3023">
    <p class='ocr_par' dir='ltr' id='par_1_9' title="bbox 432 2521 1543 3023">
     <span class='ocr_line' id='line_1_19' title="bbox 483 2521 1541 2610; baseline -0.001 -22"><span class='ocrx_word' id='word_1_128' title='bbox 483 2524 642 2609; x_wconf 76' lang='lat' dir='ltr'><strong>Ulpianus</strong></span> <span class='ocrx_word' id='word_1_129' title='bbox 667 2524 745 2588; x_wconf 81' lang='lat' dir='ltr'><strong>libro</strong></span> <span class='ocrx_word' id='word_1_130' title='bbox 769 2527 873 2610; x_wconf 83' lang='lat' dir='ltr'><strong>primo</strong></span> <span class='ocrx_word' id='word_1_131' title='bbox 899 2526 943 2588; x_wconf 89' lang='lat' dir='ltr'><strong>ad</strong></span> <span class='ocrx_word' id='word_1_132' title='bbox 967 2527 1099 2588; x_wconf 80' lang='lat' dir='ltr'><strong>cdr‘ctnnc</strong></span> <span class='ocrx_word' id='word_1_133' title='bbox 1126 2526 1274 2588; x_wconf 82' lang='lat' dir='ltr'><strong>aedilium</strong></span> <span class='ocrx_word' id='word_1_134' title='bbox 1303 2521 1462 2588; x_wconf 79' lang='lat' dir='ltr'><strong>curalium</strong></span> <span class='ocrx_word' id='word_1_135' title='bbox 1509 2524 1541 2588; x_wconf 87' lang='lat' dir='ltr'><strong>si</strong></span> 
     </span>
     <span class='ocr_line' id='line_1_20' title="bbox 432 2628 1540 2713; baseline -0.001 -21"><span class='ocrx_word' id='word_1_136' title='bbox 432 2628 624 2713; x_wconf 90' lang='lat' dir='ltr'><strong>mancipium</strong></span> <span class='ocrx_word' id='word_1_137' title='bbox 640 2628 721 2712; x_wconf 93' lang='lat' dir='ltr'><strong>quod</strong></span> <span class='ocrx_word' id='word_1_138' title='bbox 738 2628 892 2693; x_wconf 87' lang='lat' dir='ltr'><strong>redhiberi</strong></span> <span class='ocrx_word' id='word_1_139' title='bbox 910 2636 1030 2712; x_wconf 90' lang='lat' dir='ltr'><strong>opertet</strong></span> <span class='ocrx_word' id='word_1_140' title='bbox 1043 2636 1200 2692; x_wconf 89' lang='lat' dir='ltr'><strong>mortuum</strong></span> <span class='ocrx_word' id='word_1_141' title='bbox 1214 2628 1282 2708; x_wconf 89' lang='lat' dir='ltr'><strong>erit,</strong></span> <span class='ocrx_word' id='word_1_142' title='bbox 1298 2628 1357 2692; x_wconf 91' lang='lat' dir='ltr'><strong>hoc</strong></span> <span class='ocrx_word' id='word_1_143' title='bbox 1367 2636 1540 2712; x_wconf 89' lang='lat' dir='ltr'><strong>quaeretur,</strong></span> 
     </span>
     <span class='ocr_line' id='line_1_21' title="bbox 432 2731 1542 2818; baseline -0.002 -22"><span class='ocrx_word' id='word_1_144' title='bbox 432 2732 585 2817; x_wconf 91' lang='lat' dir='ltr'><strong>numquid</strong></span> <span class='ocrx_word' id='word_1_145' title='bbox 608 2733 699 2818; x_wconf 84' lang='lat' dir='ltr'><strong>culpa</strong></span> <span class='ocrx_word' id='word_1_146' title='bbox 717 2733 866 2818; x_wconf 86' lang='lat' dir='ltr'><strong>emptoris</strong></span> <span class='ocrx_word' id='word_1_147' title='bbox 881 2733 930 2796; x_wconf 90' lang='lat' dir='ltr'><strong>vel</strong></span> <span class='ocrx_word' id='word_1_148' title='bbox 943 2733 1081 2796; x_wconf 85' lang='lat' dir='ltr'><strong>familiae</strong></span> <span class='ocrx_word' id='word_1_149' title='bbox 1092 2733 1157 2796; x_wconf 89' lang='lat' dir='ltr'><strong>eius</strong></span> <span class='ocrx_word' id='word_1_150' title='bbox 1168 2732 1219 2796; x_wconf 89' lang='lat' dir='ltr'><strong>vel</strong></span> <span class='ocrx_word' id='word_1_151' title='bbox 1231 2731 1439 2817; x_wconf 82' lang='lat' dir='ltr'><strong>procuratoris</strong></span> <span class='ocrx_word' id='word_1_152' title='bbox 1451 2731 1542 2795; x_wconf 93' lang='lat' dir='ltr'><strong>homo</strong></span> 
     </span>
     <span class='ocr_line' id='line_1_22' title="bbox 433 2833 1543 2921; baseline -0.001 -22"><span class='ocrx_word' id='word_1_153' title='bbox 433 2835 614 2900; x_wconf 88' lang='lat' dir='ltr'><strong>demortuus</strong></span> <span class='ocrx_word' id='word_1_154' title='bbox 637 2837 693 2900; x_wconf 89' lang='lat' dir='ltr'><strong>sit:</strong></span> <span class='ocrx_word' id='word_1_155' title='bbox 717 2858 790 2901; x_wconf 91' lang='lat' dir='ltr'><strong>nam</strong></span> <span class='ocrx_word' id='word_1_156' title='bbox 813 2836 839 2899; x_wconf 90' lang='lat' dir='ltr'><strong>si</strong></span> <span class='ocrx_word' id='word_1_157' title='bbox 863 2836 955 2921; x_wconf 91' lang='lat' dir='ltr'><strong>culpa</strong></span> <span class='ocrx_word' id='word_1_158' title='bbox 977 2836 1043 2900; x_wconf 88' lang='lat' dir='ltr'><strong>eius</strong></span> <span class='ocrx_word' id='word_1_159' title='bbox 1060 2834 1201 2914; x_wconf 83' lang='lat' dir='ltr'><strong>decessit,</strong></span> <span class='ocrx_word' id='word_1_160' title='bbox 1224 2856 1279 2918; x_wconf 92' lang='lat' dir='ltr'><strong>pro</strong></span> <span class='ocrx_word' id='word_1_161' title='bbox 1295 2835 1368 2899; x_wconf 90' lang='lat' dir='ltr'><strong>vivo</strong></span> <span class='ocrx_word' id='word_1_162' title='bbox 1383 2833 1543 2898; x_wconf 91' lang='lat' dir='ltr'><strong>habendus</strong></span> 
     </span>
     <span class='ocr_line' id='line_1_23' title="bbox 434 2936 1542 3023; baseline -0.005 -20"><span class='ocrx_word' id='word_1_163' title='bbox 434 2947 488 3021; x_wconf 87' lang='lat' dir='ltr'><strong>est,</strong></span> <span class='ocrx_word' id='word_1_164' title='bbox 517 2948 553 3002; x_wconf 93' lang='lat' dir='ltr'><strong>ut</strong></span> <span class='ocrx_word' id='word_1_165' title='bbox 574 2946 771 3023; x_wconf 90' lang='lat' dir='ltr'><strong>praestentur</strong></span> <span class='ocrx_word' id='word_1_166' title='bbox 794 2961 831 3004; x_wconf 91' lang='lat' dir='ltr'><strong>ea</strong></span> <span class='ocrx_word' id='word_1_167' title='bbox 853 2940 968 3019; x_wconf 86' lang='lat' dir='ltr'><strong>omnia,</strong></span> <span class='ocrx_word' id='word_1_168' title='bbox 997 2959 1077 3022; x_wconf 89' lang='lat' dir='ltr'><strong>qnae</strong></span> <span class='ocrx_word' id='word_1_169' title='bbox 1099 2946 1341 3023; x_wconf 87' lang='lat' dir='ltr'><strong>praestarentur,</strong></span> <span class='ocrx_word' id='word_1_170' title='bbox 1365 2938 1392 3000; x_wconf 88' lang='lat' dir='ltr'><strong>si</strong></span> <span class='ocrx_word' id='word_1_171' title='bbox 1414 2936 1542 3002; x_wconf 90' lang='lat' dir='ltr'><strong>viveret.</strong></span> 
     </span>
    </p>
   </div>
   <div class='ocr_carea' id='block_1_10' title="bbox 324 3053 1051 3176">
    <p class='ocr_par' dir='ltr' id='par_1_10' title="bbox 324 3053 1051 3176">
     <span class='ocr_line' id='line_1_24' title="bbox 324 3053 1051 3176; baseline 0.003 -17"><span class='ocrx_word' id='word_1_172' title='bbox 324 3053 568 3176; x_wconf 71' lang='lat' dir='ltr'><strong>tornatae</strong></span> <span class='ocrx_word' id='word_1_173' title='bbox 592 3094 673 3175; x_wconf 79' lang='lat' dir='ltr'><strong>arg.</strong></span> <span class='ocrx_word' id='word_1_174' title='bbox 697 3093 740 3160; x_wconf 80' lang='lat' dir='ltr'><strong>ae</strong></span> <span class='ocrx_word' id='word_1_175' title='bbox 763 3092 867 3160; x_wconf 66' lang='lat' dir='ltr'><strong>terri.</strong></span> <span class='ocrx_word' id='word_1_176' title='bbox 890 3094 945 3160; x_wconf 75' lang='lat' dir='ltr'><strong>aa</strong></span> <span class='ocrx_word' id='word_1_177' title='bbox 962 3092 1010 3176; x_wconf 84' lang='lat'><strong>21,</strong></span> <span class='ocrx_word' id='word_1_178' title='bbox 1022 3095 1051 3161; x_wconf 90' lang='lat'><strong>1.</strong></span> 
     </span>
    </p>
   </div>
   <div class='ocr_carea' id='block_1_11' title="bbox 431 3215 1543 3716">
    <p class='ocr_par' dir='ltr' id='par_1_11' title="bbox 431 3215 1543 3716">
     <span class='ocr_line' id='line_1_25' title="bbox 483 3215 1543 3300; baseline 0 -21"><span class='ocrx_word' id='word_1_179' title='bbox 483 3215 641 3300; x_wconf 79' lang='lat' dir='ltr'><strong>Ulpianus</strong></span> <span class='ocrx_word' id='word_1_180' title='bbox 664 3215 740 3278; x_wconf 81' lang='lat' dir='ltr'><strong>libro</strong></span> <span class='ocrx_word' id='word_1_181' title='bbox 761 3215 891 3278; x_wconf 82' lang='lat' dir='ltr'><strong>secando</strong></span> <span class='ocrx_word' id='word_1_182' title='bbox 913 3216 956 3278; x_wconf 89' lang='lat' dir='ltr'><strong>ad</strong></span> <span class='ocrx_word' id='word_1_183' title='bbox 976 3216 1109 3279; x_wconf 79' lang='lat' dir='ltr'><strong>edictam</strong></span> <span class='ocrx_word' id='word_1_184' title='bbox 1131 3216 1281 3279; x_wconf 79' lang='lat' dir='ltr'><strong>aedilium</strong></span> <span class='ocrx_word' id='word_1_185' title='bbox 1303 3215 1462 3278; x_wconf 78' lang='lat' dir='ltr'><strong>annutiant</strong></span> <span class='ocrx_word' id='word_1_186' title='bbox 1506 3215 1543 3279; x_wconf 86' lang='lat' dir='ltr'><strong>Et</strong></span> 
     </span>
     <span class='ocr_line' id='line_1_26' title="bbox 432 3317 1543 3403; baseline -0.003 -19"><span class='ocrx_word' id='word_1_187' title='bbox 432 3321 495 3384; x_wconf 83' lang='lat' dir='ltr'><strong>iere</strong></span> <span class='ocrx_word' id='word_1_188' title='bbox 517 3319 626 3383; x_wconf 89' lang='lat' dir='ltr'><strong>eadem</strong></span> <span class='ocrx_word' id='word_1_189' title='bbox 649 3324 723 3382; x_wconf 90' lang='lat' dir='ltr'><strong>sunt</strong></span> <span class='ocrx_word' id='word_1_190' title='bbox 738 3317 770 3382; x_wconf 89' lang='lat' dir='ltr'><strong>in</strong></span> <span class='ocrx_word' id='word_1_191' title='bbox 785 3318 834 3382; x_wconf 89' lang='lat' dir='ltr'><strong>his</strong></span> <span class='ocrx_word' id='word_1_192' title='bbox 850 3318 1037 3402; x_wconf 89' lang='lat' dir='ltr'><strong>(iumentis),</strong></span> <span class='ocrx_word' id='word_1_193' title='bbox 1061 3319 1190 3402; x_wconf 86' lang='lat' dir='ltr'><strong>quaein</strong></span> <span class='ocrx_word' id='word_1_194' title='bbox 1206 3318 1381 3403; x_wconf 87' lang='lat' dir='ltr'><strong>mancipiis,</strong></span> <span class='ocrx_word' id='word_1_195' title='bbox 1405 3319 1489 3402; x_wconf 89' lang='lat' dir='ltr'><strong>quod</strong></span> <span class='ocrx_word' id='word_1_196' title='bbox 1505 3317 1543 3381; x_wconf 90' lang='lat' dir='ltr'><strong>ad</strong></span> 
     </span>
     <span class='ocr_line' id='line_1_27' title="bbox 431 3420 1543 3504; baseline -0.002 -18"><span class='ocrx_word' id='word_1_197' title='bbox 431 3423 574 3487; x_wconf 92' lang='lat' dir='ltr'><strong>morbum</strong></span> <span class='ocrx_word' id='word_1_198' title='bbox 598 3421 750 3486; x_wconf 90' lang='lat' dir='ltr'><strong>vitiumve</strong></span> <span class='ocrx_word' id='word_1_199' title='bbox 773 3421 899 3486; x_wconf 87' lang='lat' dir='ltr'><strong>attinet:</strong></span> <span class='ocrx_word' id='word_1_200' title='bbox 928 3421 1080 3504; x_wconf 93' lang='lat' dir='ltr'><strong>quidquid</strong></span> <span class='ocrx_word' id='word_1_201' title='bbox 1103 3420 1198 3504; x_wconf 84' lang='lat' dir='ltr'><strong>igitur</strong></span> <span class='ocrx_word' id='word_1_202' title='bbox 1220 3421 1285 3485; x_wconf 88' lang='lat' dir='ltr'><strong>illic</strong></span> <span class='ocrx_word' id='word_1_203' title='bbox 1308 3421 1455 3502; x_wconf 83' lang='lat' dir='ltr'><strong>diximus,</strong></span> <span class='ocrx_word' id='word_1_204' title='bbox 1484 3420 1543 3484; x_wconf 91' lang='lat' dir='ltr'><strong>huc</strong></span> 
     </span>
     <span class='ocr_line' id='line_1_28' title="bbox 433 3522 1541 3609; baseline -0.002 -20"><span class='ocrx_word' id='word_1_205' title='bbox 433 3527 491 3590; x_wconf 90' lang='lat' dir='ltr'><strong>erit</strong></span> <span class='ocrx_word' id='word_1_206' title='bbox 505 3525 765 3589; x_wconf 84' lang='lat' dir='ltr'><strong>transferendum.</strong></span> <span class='ocrx_word' id='word_1_207' title='bbox 797 3535 828 3589; x_wconf 91' lang='lat' dir='ltr'><strong>et</strong></span> <span class='ocrx_word' id='word_1_208' title='bbox 842 3524 869 3588; x_wconf 90' lang='lat' dir='ltr'><strong>si</strong></span> <span class='ocrx_word' id='word_1_209' title='bbox 884 3532 1041 3589; x_wconf 91' lang='lat' dir='ltr'><strong>mortuum</strong></span> <span class='ocrx_word' id='word_1_210' title='bbox 1057 3525 1151 3589; x_wconf 86' lang='lat' dir='ltr'><strong>fuerit</strong></span> <span class='ocrx_word' id='word_1_211' title='bbox 1166 3526 1351 3604; x_wconf 89' lang='lat' dir='ltr'><strong>iumentum,</strong></span> <span class='ocrx_word' id='word_1_212' title='bbox 1368 3523 1435 3609; x_wconf 91' lang='lat' dir='ltr'><strong>pari</strong></span> <span class='ocrx_word' id='word_1_213' title='bbox 1451 3522 1541 3589; x_wconf 92' lang='lat' dir='ltr'><strong>modo</strong></span> 
     </span>
     <span class='ocr_line' id='line_1_29' title="bbox 432 3627 1372 3716; baseline -0.001 -25"><span class='ocrx_word' id='word_1_214' title='bbox 432 3628 588 3692; x_wconf 88' lang='lat' dir='ltr'><strong>redhiberi</strong></span> <span class='ocrx_word' id='word_1_215' title='bbox 611 3628 735 3712; x_wconf 90' lang='lat' dir='ltr'><strong>poterit,</strong></span> <span class='ocrx_word' id='word_1_216' title='bbox 760 3627 1022 3710; x_wconf 86' lang='lat' dir='ltr'><strong>quemadmodum</strong></span> <span class='ocrx_word' id='word_1_217' title='bbox 1045 3628 1237 3716; x_wconf 89' lang='lat' dir='ltr'><strong>mancipium</strong></span> <span class='ocrx_word' id='word_1_218' title='bbox 1261 3635 1372 3712; x_wconf 88' lang='lat' dir='ltr'><strong>potest.</strong></span> 
     </span>
    </p>
   </div>
   <div class='ocr_carea' id='block_1_12' title="bbox 324 3774 1032 3857">
    <p class='ocr_par' dir='ltr' id='par_1_12' title="bbox 324 3774 1032 3857">
     <span class='ocr_line' id='line_1_30' title="bbox 324 3774 1032 3857; baseline 0.001 -16"><span class='ocrx_word' id='word_1_219' title='bbox 324 3776 406 3842; x_wconf 84' lang='lat'><strong>408.</strong></span> <span class='ocrx_word' id='word_1_220' title='bbox 435 3778 501 3841; x_wconf 83' lang='lat' dir='ltr'><strong>c.2</strong></span> <span class='ocrx_word' id='word_1_221' title='bbox 524 3775 606 3842; x_wconf 81' lang='lat' dir='ltr'><strong>God.</strong></span> <span class='ocrx_word' id='word_1_222' title='bbox 630 3774 674 3842; x_wconf 91' lang='lat' dir='ltr'><strong>de</strong></span> <span class='ocrx_word' id='word_1_223' title='bbox 696 3792 787 3842; x_wconf 86' lang='lat' dir='ltr'><strong>rosc.</strong></span> <span class='ocrx_word' id='word_1_224' title='bbox 809 3775 909 3842; x_wconf 89' lang='lat' dir='ltr'><strong>vend.</strong></span> <span class='ocrx_word' id='word_1_225' title='bbox 932 3774 966 3857; x_wconf 84' lang='lat'><strong>4,</strong></span> <span class='ocrx_word' id='word_1_226' title='bbox 977 3774 1032 3842; x_wconf 82' lang='lat'><strong>44.</strong></span> 
     </span>
    </p>
   </div>
   <div class='ocr_carea' id='block_1_13' title="bbox 432 3893 1544 4582">
    <p class='ocr_par' dir='ltr' id='par_1_13' title="bbox 432 3893 1544 4582">
     <span class='ocr_line' id='line_1_31' title="bbox 476 3893 1542 3982; baseline -0.001 -22"><span class='ocrx_word' id='word_1_227' title='bbox 476 3896 577 3982; x_wconf 87' lang='lat' dir='ltr'><strong>Impp.</strong></span> <span class='ocrx_word' id='word_1_228' title='bbox 591 3896 804 3960; x_wconf 79' lang='lat' dir='ltr'><strong>Diocletianus</strong></span> <span class='ocrx_word' id='word_1_229' title='bbox 815 3907 843 3959; x_wconf 83' lang='lat' dir='ltr'><strong>et</strong></span> <span class='ocrx_word' id='word_1_230' title='bbox 853 3896 1065 3960; x_wconf 77' lang='lat' dir='ltr'><strong>Manimianuo</strong></span> <span class='ocrx_word' id='word_1_231' title='bbox 1076 3895 1150 3960; x_wconf 76' lang='lat' dir='ltr'><strong>AA.</strong></span> <span class='ocrx_word' id='word_1_232' title='bbox 1162 3896 1292 3960; x_wconf 81' lang='lat' dir='ltr'><strong>Aurelio</strong></span> <span class='ocrx_word' id='word_1_233' title='bbox 1305 3895 1394 3980; x_wconf 47' lang='lat' dir='ltr'><strong>leupo</strong></span> <span class='ocrx_word' id='word_1_234' title='bbox 1407 3893 1542 3982; x_wconf 80' lang='lat' dir='ltr'><strong>(a285)</strong></span> 
     </span>
     <span class='ocr_line' id='line_1_32' title="bbox 432 4000 1541 4085; baseline -0.002 -21"><span class='ocrx_word' id='word_1_235' title='bbox 432 4001 509 4064; x_wconf 88' lang='lat' dir='ltr'><strong>Rem</strong></span> <span class='ocrx_word' id='word_1_236' title='bbox 529 4000 655 4064; x_wconf 88' lang='lat' dir='ltr'><strong>maioris</strong></span> <span class='ocrx_word' id='word_1_237' title='bbox 675 4000 767 4084; x_wconf 89' lang='lat' dir='ltr'><strong>pretii</strong></span> <span class='ocrx_word' id='word_1_238' title='bbox 786 4000 813 4064; x_wconf 89' lang='lat' dir='ltr'><strong>si</strong></span> <span class='ocrx_word' id='word_1_239' title='bbox 829 4007 864 4064; x_wconf 93' lang='lat' dir='ltr'><strong>tu</strong></span> <span class='ocrx_word' id='word_1_240' title='bbox 880 4001 930 4064; x_wconf 91' lang='lat' dir='ltr'><strong>vel</strong></span> <span class='ocrx_word' id='word_1_241' title='bbox 945 4008 1033 4084; x_wconf 93' lang='lat' dir='ltr'><strong>pater</strong></span> <span class='ocrx_word' id='word_1_242' title='bbox 1048 4008 1122 4064; x_wconf 87' lang='lat' dir='ltr'><strong>tuus</strong></span> <span class='ocrx_word' id='word_1_243' title='bbox 1137 4000 1266 4065; x_wconf 90' lang='lat' dir='ltr'><strong>minoris</strong></span> <span class='ocrx_word' id='word_1_244' title='bbox 1281 4001 1372 4085; x_wconf 91' lang='lat' dir='ltr'><strong>pretii</strong></span> <span class='ocrx_word' id='word_1_245' title='bbox 1389 4000 1541 4080; x_wconf 83' lang='lat' dir='ltr'><strong>distraxit,</strong></span> 
     </span>
     <span class='ocr_line' id='line_1_33' title="bbox 432 4094 1544 4188; baseline -0.001 -21"><span class='ocrx_word' id='word_1_246' title='bbox 432 4104 605 4168; x_wconf 89' lang='lat' dir='ltr'><strong>humanum</strong></span> <span class='ocrx_word' id='word_1_247' title='bbox 629 4110 685 4183; x_wconf 87' lang='lat' dir='ltr'><strong>est,</strong></span> <span class='ocrx_word' id='word_1_248' title='bbox 708 4111 744 4167; x_wconf 93' lang='lat' dir='ltr'><strong>ut</strong></span> <span class='ocrx_word' id='word_1_249' title='bbox 765 4105 816 4168; x_wconf 91' lang='lat' dir='ltr'><strong>vel</strong></span> <span class='ocrx_word' id='word_1_250' title='bbox 840 4105 974 4188; x_wconf 90' lang='lat' dir='ltr'><strong>pretium</strong></span> <span class='ocrx_word' id='word_1_251' title='bbox 997 4112 1029 4168; x_wconf 90' lang='lat' dir='ltr'><strong>te</strong></span> <span class='ocrx_word' id='word_1_252' title='bbox 1052 4104 1234 4168; x_wconf 89' lang='lat' dir='ltr'><strong>restituente</strong></span> <span class='ocrx_word' id='word_1_253' title='bbox 1258 4094 1449 4188; x_wconf 85' lang='lat' dir='ltr'><strong>emptoribus</strong></span> <span class='ocrx_word' id='word_1_254' title='bbox 1472 4104 1544 4167; x_wconf 89' lang='lat' dir='ltr'><strong>fun-</strong></span> 
     </span>
     <span class='ocr_line' id='line_1_34' title="bbox 432 4205 1542 4293; baseline -0.001 -23"><span class='ocrx_word' id='word_1_255' title='bbox 432 4207 508 4270; x_wconf 88' lang='lat' dir='ltr'><strong>dum</strong></span> <span class='ocrx_word' id='word_1_256' title='bbox 534 4206 698 4272; x_wconf 89' lang='lat' dir='ltr'><strong>venditum</strong></span> <span class='ocrx_word' id='word_1_257' title='bbox 725 4207 857 4293; x_wconf 89' lang='lat' dir='ltr'><strong>recipias</strong></span> <span class='ocrx_word' id='word_1_258' title='bbox 884 4207 1070 4272; x_wconf 86' lang='lat' dir='ltr'><strong>auctoritate</strong></span> <span class='ocrx_word' id='word_1_259' title='bbox 1097 4207 1308 4272; x_wconf 87' lang='lat' dir='ltr'><strong>intercedente</strong></span> <span class='ocrx_word' id='word_1_260' title='bbox 1334 4207 1455 4290; x_wconf 84' lang='lat' dir='ltr'><strong>iudicis,</strong></span> <span class='ocrx_word' id='word_1_261' title='bbox 1484 4205 1542 4287; x_wconf 89' lang='lat' dir='ltr'><strong>vel,</strong></span> 
     </span>
     <span class='ocr_line' id='line_1_35' title="bbox 433 4309 1543 4396; baseline 0 -22"><span class='ocrx_word' id='word_1_262' title='bbox 433 4311 458 4374; x_wconf 92' lang='lat' dir='ltr'><strong>si</strong></span> <span class='ocrx_word' id='word_1_263' title='bbox 483 4317 604 4395; x_wconf 90' lang='lat' dir='ltr'><strong>emptor</strong></span> <span class='ocrx_word' id='word_1_264' title='bbox 630 4311 765 4394; x_wconf 85' lang='lat' dir='ltr'><strong>elegerit,</strong></span> <span class='ocrx_word' id='word_1_265' title='bbox 794 4311 877 4395; x_wconf 92' lang='lat' dir='ltr'><strong>quod</strong></span> <span class='ocrx_word' id='word_1_266' title='bbox 905 4311 991 4374; x_wconf 88' lang='lat' dir='ltr'><strong>deest</strong></span> <span class='ocrx_word' id='word_1_267' title='bbox 1017 4312 1099 4376; x_wconf 90' lang='lat' dir='ltr'><strong>iusto</strong></span> <span class='ocrx_word' id='word_1_268' title='bbox 1127 4312 1225 4396; x_wconf 88' lang='lat' dir='ltr'><strong>pretio</strong></span> <span class='ocrx_word' id='word_1_269' title='bbox 1254 4311 1395 4396; x_wconf 88' lang='lat' dir='ltr'><strong>recipias.</strong></span> <span class='ocrx_word' id='word_1_270' title='bbox 1440 4309 1543 4375; x_wconf 91' lang='lat' dir='ltr'><strong>minus</strong></span> 
     </span>
     <span class='ocr_line' id='line_1_36' title="bbox 433 4411 1544 4499; baseline -0.003 -22"><span class='ocrx_word' id='word_1_271' title='bbox 433 4420 538 4478; x_wconf 88' lang='lat' dir='ltr'><strong>autem</strong></span> <span class='ocrx_word' id='word_1_272' title='bbox 560 4415 695 4498; x_wconf 91' lang='lat' dir='ltr'><strong>pretium</strong></span> <span class='ocrx_word' id='word_1_273' title='bbox 723 4435 788 4479; x_wconf 90' lang='lat' dir='ltr'><strong>esse</strong></span> <span class='ocrx_word' id='word_1_274' title='bbox 805 4414 950 4496; x_wconf 84' lang='lat' dir='ltr'><strong>videtur,</strong></span> <span class='ocrx_word' id='word_1_275' title='bbox 977 4415 1004 4479; x_wconf 93' lang='lat' dir='ltr'><strong>si</strong></span> <span class='ocrx_word' id='word_1_276' title='bbox 1030 4436 1087 4480; x_wconf 90' lang='lat' dir='ltr'><strong>nec</strong></span> <span class='ocrx_word' id='word_1_277' title='bbox 1115 4415 1246 4480; x_wconf 85' lang='lat' dir='ltr'><strong>dimidia</strong></span> <span class='ocrx_word' id='word_1_278' title='bbox 1269 4436 1341 4499; x_wconf 90' lang='lat' dir='ltr'><strong>pars</strong></span> <span class='ocrx_word' id='word_1_279' title='bbox 1362 4413 1428 4480; x_wconf 89' lang='lat' dir='ltr'><strong>veri</strong></span> <span class='ocrx_word' id='word_1_280' title='bbox 1452 4411 1544 4498; x_wconf 87' lang='lat' dir='ltr'><strong>pretii</strong></span> 
     </span>
     <span class='ocr_line' id='line_1_37' title="bbox 433 4517 607 4582; baseline 0.017 -3"><span class='ocrx_word' id='word_1_281' title='bbox 433 4517 535 4581; x_wconf 93' lang='lat' dir='ltr'><strong>soluta</strong></span> <span class='ocrx_word' id='word_1_282' title='bbox 557 4519 607 4582; x_wconf 92' lang='lat' dir='ltr'><strong>sit.</strong></span> 
     </span>
    </p>
   </div>
   <div class='ocr_carea' id='block_1_14' title="bbox 0 0 1729 5412">
    <p class='ocr_par' dir='ltr' id='par_1_14' title="bbox 0 0 1729 5412">
     <span class='ocr_line' id='line_1_38' title="bbox 0 0 1729 5412; baseline 0 0"><span class='ocrx_word' id='word_1_283' title='bbox 0 0 1729 5412; x_wconf 95' lang='lat' dir='ltr'><strong> </strong></span> 
     </span>
    </p>
   </div>
  </div>
 </body>
</html>
