3442 5412
658 407 782 469 -57
830 443 872 452 -

259 577 334 641 latio
357 577 566 662 interponitur
589 577 627 643 de
650 597 685 642 eo
709 578 778 642 sine
800 578 1017 643 satisdatione:
1042 598 1121 661 quae
1137 600 1199 643 non
1215 579 1317 644 salum
1333 580 1372 643 ad

259 688 340 745 totas
367 680 468 762 aedes,
497 681 551 746 sed
579 680 675 745 etiam
702 681 742 745 ad
768 688 889 767 partem
916 682 1040 746 aedium
1069 683 1212 766 pertinet.
1257 682 1371 746 vitium

259 791 364 848 autem
394 785 520 848 aedium
547 791 577 848 et
605 784 665 849 loni
688 805 754 849 esse
777 785 879 850 Labeo
903 786 957 865 ait,
981 785 1065 870 quad
1088 785 1231 851 aaaidens
1254 786 1372 850 extrin-

259 907 346 951 seaus
369 887 555 952 infirmiores
578 908 630 952 eas
652 889 742 952 fauit:
766 888 901 973 denique
923 909 1015 954 nemo
1039 889 1120 954 dixit
1142 889 1290 975 palustris
1311 889 1371 953 loci

259 990 308 1054 vel
330 990 474 1055 harenosi
490 991 616 1056 nomine
632 992 721 1075 quasi
738 992 843 1056 vitiosi
859 992 1012 1056 committi
1029 992 1274 1077 stipulationem,
1298 992 1372 1075 quia

258 1095 400 1158 naturale
432 1094 545 1159 vitium
578 1102 639 1159 est:
674 1103 705 1158 et
731 1095 800 1159 ideo
830 1117 887 1160 neo
914 1117 950 1160 ea
977 1096 1138 1180 stipulatio
1164 1096 1373 1180 interponitur

259 1218 360 1281 neque
382 1198 566 1282 interposita
590 1199 812 1263 committetur.

149 1344 228 1410 256.
258 1344 388 1427 1.24,4
410 1345 491 1428 lug.
515 1346 558 1412 de
582 1345 864 1442 damnokinfeeto
880 1346 937 1428 39,
949 1346 981 1411 2.

309 1465 465 1552 Ulpianus
503 1465 579 1530 libro
616 1469 814 1558 octapensirno
849 1469 952 1552 plinta
990 1469 1033 1531 ad
1068 1469 1197 1531 edictum
1246 1468 1372 1532 Servius

259 1591 381 1654 quoque
401 1578 501 1655 putat,
525 1571 551 1634 si
572 1592 610 1634 ex
630 1571 759 1635 aedibus
775 1571 971 1656 promissoris
987 1578 1080 1637 vento
1097 1572 1219 1655 tegulae
1235 1571 1372 1635 deiectae

259 1673 409 1738 damnum
433 1674 536 1738 vieino
561 1673 713 1754 dederint,
737 1675 782 1737 ita
805 1695 877 1738 eum
900 1675 1010 1754 teneri,
1034 1675 1060 1738 si
1084 1674 1217 1738 aedificii
1240 1676 1316 1738 vitio
1339 1674 1373 1738 id

258 1778 413 1860 acciderit,
448 1799 511 1842 non
544 1778 571 1840 si
603 1777 754 1841 violentia
787 1768 950 1842 ventorum
982 1779 1031 1842 vel
1063 1800 1125 1862 qua
1152 1778 1214 1842 alia
1240 1778 1371 1860 ratione,

261 1902 341 1965 quae
363 1881 427 1944 vim
451 1881 546 1944 habet
569 1880 719 1945 divinam.
757 1881 858 1944 Labeo
883 1889 914 1945 et
930 1881 1081 1946 rationem
1099 1881 1205 1959 adicit,
1229 1881 1322 1965 quod,
1345 1883 1372 1946 si

258 1984 316 2048 hoa
342 2006 406 2049 non
430 1984 623 2058 admittatur,
653 1985 798 2068 iniquum
826 1984 899 2048 erit:
935 1984 1018 2068 quod
1045 1984 1129 2048 enim
1155 1993 1222 2048 tam
1247 1987 1372 2049 firmum

258 2087 435 2152 aedificium
469 2095 524 2167 est,
560 2097 596 2152 ut
629 2087 768 2152 fluminis
802 2095 856 2152 aut
889 2087 984 2152 marie
1012 2095 1067 2152 aut
1094 2089 1290 2174 tempestatis
1318 2099 1372 2153 aut

258 2192 367 2256 ruinae
390 2192 525 2256 incendii
550 2199 604 2255 aut
627 2198 727 2284 terrae
751 2199 853 2256 motus
875 2192 942 2255 vim
964 2192 1117 2256 sustinere
1139 2192 1257 2277 possit?

164 2329 238 2395 257.
260 2331 284 2396 l.
300 2330 390 2412 24,9
416 2331 493 2413 llig.
518 2330 561 2396 de
584 2330 711 2398 damno
733 2330 866 2397 infesto
883 2331 939 2413 39,
952 2333 982 2396 2.

308 2448 464 2535 Ulpianus
493 2450 571 2513 libro
599 2453 796 2536 octopensimo
821 2453 925 2535 primo
948 2452 989 2514 ad
1010 2451 1143 2513 edietum
1186 2451 1267 2516 Item
1290 2452 1372 2536 apud

260 2554 436 2618 livianum
453 2539 588 2618 relatum
611 2563 667 2636 est,
691 2555 718 2618 si
734 2576 772 2619 ex
789 2575 859 2637 agro
875 2555 972 2619 vieini
988 2555 1113 2619 arbores
1130 2556 1161 2618 vi
1177 2555 1373 2640 tempestatis

258 2659 432 2723 confractae
453 2658 487 2723 in
508 2680 613 2724 meum
634 2680 741 2742 agrum
763 2658 934 2722 deciderint
951 2679 1048 2742 eoque
1064 2659 1145 2723 laeto
1162 2658 1279 2722 vitibus
1296 2657 1372 2721 meis

257 2760 307 2824 vel
335 2760 492 2842 segetibus
520 2749 711 2825 nocent'vel
743 2761 885 2825 aedificia
917 2760 1101 2839 demoliunt,
1136 2749 1381 2844 stipulationem

257 2864 360 2943 istam,
383 2863 417 2927 in
440 2884 502 2948 qua
523 2863 600 2928 haee
623 2863 927 2948 comprehenduntur
952 2863 988 2927 ‘si
1011 2862 1087 2947 quid
1111 2863 1258 2926 arborum
1272 2862 1372 2926 loeive

258 2965 345 3029 ‘vitio
374 2966 542 3045 acciderit’,
574 2988 638 3029 non
665 2986 731 3030 esse
759 2966 879 3049 utilem,
914 2967 988 3051 quia
1016 2987 1078 3029 non
1110 2966 1255 3030 arborum
1283 2965 1370 3046 vitio,

258 3069 313 3132 sed
332 3069 365 3131 vi
387 3076 549 3133 ventorum
571 3069 720 3133 damnum
742 3069 820 3132 mihi
840 3069 949 3133 datum
965 3076 1022 3133 est.
1067 3069 1160 3153 plane
1175 3068 1201 3132 si
1216 3075 1371 3132 vetustate

259 3172 403 3236 arborum
427 3171 485 3236 hoe
507 3172 610 3254 fiebat,
641 3193 805 3256 possumus
827 3172 929 3236 dicere
952 3172 1028 3237 vitia
1052 3172 1197 3235 arborum
1221 3172 1372 3252 damnum

256 3275 334 3338 mihi
357 3275 434 3338 dari.

160 3413 237 3479 258.
258 3413 339 3479 tls
361 3433 416 3496 pr.
439 3415 520 3496 Dtg.
545 3414 589 3479 de
611 3414 736 3481 damno
759 3413 892 3481 intento
909 3414 967 3498 39,
979 3417 1009 3479 2.

300 3534 423 3598 Paulus
456 3535 533 3598 libro
568 3536 825 3620 quadrupenoino
857 3547 961 3599 octauo
994 3536 1037 3598 ad
1068 3535 1202 3598 adinum
1255 3533 1371 3598 Damni

257 3638 365 3702 intenti
387 3638 548 3723 stipulatio
573 3639 723 3723 competit
744 3661 808 3704 non
830 3647 955 3703 tantum
978 3639 1015 3718 ei,
1045 3638 1132 3703 euius
1155 3639 1188 3702 in
1211 3636 1301 3700 bonis
1323 3657 1371 3700 res

259 3749 316 3824 est,
340 3742 394 3806 sed
417 3741 513 3806 etiam
536 3742 623 3806 auius
646 3741 783 3827 periculo
807 3762 854 3804 res
877 3749 934 3805 est.

160 3879 240 3945 259.
262 3879 322 3946 nt
344 3899 398 3964 pr.
421 3881 502 3964 Ing.
527 3880 569 3948 do
593 3881 718 3948 damno
741 3880 875 3948 infeato
898 3880 955 3963 39,
967 3882 997 3945 2.

309 3999 467 4087 Ulpianus
489 4001 566 4064 libro
589 4003 866 4086 quinquapenainao
894 3991 1047 4064 tertio'ad
1068 4001 1200 4063 edictum
1244 3999 1371 4064 Praetor

259 4105 317 4168 ait:
352 4105 470 4170 ‘damni
504 4105 612 4169 infecti
645 4126 701 4168 suo
735 4105 861 4170 nomine
897 4103 1049 4188 promitti,
1088 4103 1188 4167 alieno
1226 4101 1372 4166 satisdari

261 4207 383 4273 ‘iubebo
407 4208 445 4289 ei,
470 4209 523 4292 qui
545 4208 697 4273 iuraverit
718 4230 781 4272 nan
805 4207 981 4272 calumniae
1002 4227 1094 4271 eausa
1114 4206 1147 4269 id
1166 4205 1371 4290 sepostulare

165 4373 168 4378 .
260 4314 380 4376 ‘eumve
404 4311 492 4376 ouius
513 4311 640 4376 nomine
663 4322 733 4394 aget
753 4310 984 4396 postulaturum
1003 4310 1109 4388 fuisse,
1132 4309 1165 4373 in
1187 4329 1255 4372 eam
1277 4307 1370 4388 diem,

260 4417 364 4498 ‘quam
387 4435 480 4479 eausa
502 4414 626 4497 cognita
648 4421 794 4480 statuero.
840 4413 865 4478 si
890 4411 1099 4477 controversia
1129 4411 1197 4488 erit,
1225 4411 1370 4475 dominus

261 4517 312 4580 ‘sit
334 4538 391 4581 neo
414 4538 453 4582 ne
476 4518 530 4603 qui
553 4517 684 4597 cavebit,
708 4517 765 4581 sub
789 4516 970 4600 exceptione
997 4514 1142 4580 satisdari
1163 4512 1286 4578 iubebo.
1332 4513 1371 4577 de
