3442 5412
603 705 679 802 Ill.
718 705 806 802 llas
836 702 1297 822 Obbgationenrecbt.

341 923 926 1006 mnmumffim

491 1045 581 1110 Nunc
603 1053 798 1109 transcamus
825 1045 863 1108 ad
887 1044 1101 1127 obligationes.
1146 1043 1293 1127 obligatio
1317 1051 1365 1107 est
1386 1043 1463 1107 iuris
1486 1043 1559 1108 viu-

448 1149 563 1230 oulum,
598 1169 658 1232 quo
690 1148 875 1212 necessitate
907 1147 1131 1231 adstringimur
1158 1147 1290 1211 alicuius
1318 1147 1484 1212 solvendae
1511 1146 1559 1211 rei

446 1251 618 1316 secundum
640 1257 765 1315 nostrae
788 1249 924 1316 civitatis
947 1251 1024 1315 iura.

340 1387 418 1454 320.
445 1388 470 1453 l.
488 1386 508 1453 3
530 1407 584 1470 pr.
607 1387 689 1469 lug.
713 1386 756 1453 de
779 1386 849 1452 obl.
874 1387 910 1451 et
932 1387 990 1452 aot
1011 1385 1066 1468 44,
1079 1385 1108 1451 7.

490 1507 611 1570 Paulus
631 1505 708 1570 libro
722 1507 852 1570 secundo
868 1508 1098 1570 institutionum
1134 1505 1368 1591 Obligationum
1383 1505 1559 1570 substantia

446 1610 560 1674 nonin
583 1631 618 1674 eo
640 1610 790 1692 consistit,
814 1617 850 1673 ut
869 1610 995 1694 aliquod
1018 1631 1128 1695 corpus
1149 1618 1289 1675 nostrum
1306 1617 1361 1674 aut
1375 1609 1560 1674 servitutem

446 1720 587 1778 nostram
620 1713 724 1795 saciat,
760 1712 815 1777 sed
845 1719 880 1775 ut
907 1712 1005 1777 alium
1035 1713 1124 1790 nobis
1152 1712 1325 1796 obstringat
1351 1713 1391 1776 ad
1418 1711 1558 1776 dandum

446 1816 564 1899 aliquid
589 1816 639 1880 vel
662 1815 840 1879 faciendum
862 1816 913 1880 vel
935 1816 1165 1901 praestandum.

339 1927 411 2016 atr.
445 1952 468 2017 1.
485 1951 524 2016 ra
546 1970 601 2034 pr.
623 1951 705 2034 urg.
728 1951 771 2016 ua
793 1954 891 2018 varo.
915 1952 1024 2034 currg.
1039 1951 1094 2036 45,
1105 1952 1135 2018 1.

496 2070 650 2156 Ulpianus
684 2071 762 2134 libro
793 2073 952 2135 vicensimo
986 2073 1030 2136 od
1061 2072 1190 2135 edictum
1237 2071 1463 2156 stipulationes
1494 2091 1559 2135 nou

447 2173 631 2238 dividuntur
664 2195 772 2239 earum
805 2195 923 2257 rerum,
962 2196 1041 2258 quae
1074 2175 1262 2239 divisionem
1295 2196 1358 2238 non
1390 2173 1558 2259 recipiunt,

446 2277 546 2341 veluti
571 2277 641 2341 viae
667 2276 789 2341 itineris
816 2285 904 2342 actus
932 2298 1030 2361 aquae
1059 2278 1169 2370 ductus
1200 2284 1433 2361 ceterarumque
1461 2278 1557 2341 servi·
1657 2296 1659 2300 ’

446 2379 572 2442 tutium.
617 2379 701 2443 idem
729 2387 803 2463 puto
832 2388 862 2444 et
889 2381 916 2444 si
943 2382 1012 2465 quis
1040 2381 1218 2446 faciendum
1247 2380 1366 2464 aliquid
1388 2380 1557 2464 stipulatus

444 2483 495 2565 sit,
519 2490 554 2546 ut
577 2490 652 2567 puta
674 2483 806 2546 fundum
824 2484 906 2547 tradi
928 2485 976 2548 vel
996 2486 1111 2549 fossam
1130 2485 1223 2549 fodiri
1242 2485 1291 2549 vel
1306 2484 1444 2548 insulam
1459 2483 1555 2548 fabri-

446 2586 519 2665 cari,
553 2587 603 2650 vel
632 2607 739 2670 operas
766 2586 816 2650 vel
844 2587 919 2670 quid
948 2588 996 2653 his
1029 2588 1147 2652 simile:
1181 2589 1292 2652 borum
1326 2588 1410 2652 enim
1444 2586 1556 2653 divisio

446 2688 618 2772 corrumpit
634 2689 878 2774 stipulationem.
918 2692 1023 2756 Celsus
1038 2700 1144 2756 tamen
1159 2691 1239 2755 libro
1255 2691 1435 2775 trigensimo
1449 2698 1556 2754 octavo

445 2793 636 2876 digestorum
656 2793 750 2857 refert
767 2793 962 2858 Tuberonem
982 2794 1187 2874 existimasse,
1211 2794 1265 2857 ubi
1285 2793 1361 2876 quid
1376 2793 1442 2857 lieri
1456 2793 1557 2878 stipu-

447 2897 557 2979 lemur,
582 2897 609 2959 si
631 2918 693 2961 non
716 2897 810 2960 fuerit
832 2898 960 2976 lactum,
988 2897 1152 2981 pecuniam
1174 2896 1242 2959 dari
1264 2903 1404 2980 oportere
1426 2895 1557 2978 ideoque

446 2999 542 3063 etiam
568 2998 602 3063 in
629 3000 687 3062 boo
714 3020 824 3083 genere
850 3000 950 3064 dividi
978 2999 1228 3083 stipulationem:
1245 3021 1247 3028 ’
1262 2998 1434 3062 seeundum
1464 3018 1557 3081 quem

445 3102 551 3166 Celsus
586 3103 631 3166 ait
662 3124 749 3186 posse
782 3103 844 3167 dici
870 3102 954 3167 iusta
982 3102 1198 3166 aestimatione
1225 3101 1300 3165 facti
1327 3101 1462 3165 dandam
1491 3121 1556 3165 esso

446 3205 640 3289 petitionem.

338 3340 412 3420 322.
444 3342 470 3407 l.
486 3339 572 3423 80,l
599 3341 676 3423 big.
700 3341 745 3406 ad
766 3340 837 3423 leg.
860 3340 981 3406 Falcld
997 3339 1051 3422 35,
1064 3343 1093 3406 2.

491 3458 593 3523 Gaius
614 3460 691 3523 libro
710 3463 797 3524 tertio
816 3462 853 3523 de
871 3461 978 3544 tepolis
997 3463 1040 3524 od
1059 3463 1190 3524 edietum
1205 3464 1360 3546 praetorne
1397 3461 1554 3540 Quaedam

445 3564 547 3645 legata
570 3562 757 3627 divisionem
779 3585 841 3627 non
862 3564 1025 3647 recipiunt,
1048 3573 1084 3628 ut
1106 3587 1175 3629 ecoe
1195 3566 1331 3648 legatum
1354 3565 1420 3630 viae
1435 3564 1556 3629 itineris

446 3673 585 3730 actusve:
615 3665 654 3728 ad
683 3666 805 3729 nullum
833 3667 916 3730 enim
944 3687 980 3730 ea
1007 3689 1055 3731 res
1078 3688 1133 3750 pro
1157 3674 1245 3751 parte
1269 3674 1369 3751 potest
1393 3667 1554 3751 pertinere.

445 3768 500 3831 sed
520 3775 550 3830 et
571 3769 597 3831 si
620 3788 697 3852 opus
712 3768 924 3852 municipibus
939 3771 1028 3833 beros
1043 3771 1144 3833 lacere
1159 3769 1260 3834 iussus
1276 3777 1333 3849 est,
1356 3769 1554 3833 individuum

444 3870 568 3934 videtur
587 3871 738 3954 legatum:
762 3892 862 3954 noque
882 3872 966 3936 enim
986 3871 1086 3935 ullum
1108 3873 1266 3936 balineum
1282 3880 1336 3935 aut
1352 3872 1451 3935 ullum
1467 3871 1554 3935 thee-

446 3980 530 4036 trum
551 3982 606 4037 aut
625 3973 762 4037 stadium
777 3975 887 4038 fecisse
902 3974 1103 4056 intellegitur,
1125 3975 1178 4058 qui
1194 3975 1222 4040 ei
1238 3975 1395 4059 propriam
1412 3975 1554 4056 formam,

446 4097 524 4158 quae
538 4097 576 4138 ex
589 4078 856 4141 consummatione
868 4077 1028 4160 contingit,
1045 4099 1107 4141 non
1120 4078 1253 4142 dederit:
1271 4100 1402 4161 quorum
1415 4077 1555 4141 omnium

445 4177 617 4260 legatorum
637 4181 772 4258 nomine,
794 4180 853 4243 etsi
873 4180 977 4264 plures
996 4181 1124 4245 heredes
1144 4181 1217 4263 sint,
1238 4182 1350 4265 singuli
1372 4181 1555 4245 insolidum

444 4287 599 4345 tenentur.
633 4283 710 4347 baec
725 4285 831 4365 itaque
846 4283 958 4366 legata,
982 4304 1061 4366 quae
1078 4284 1297 4348 dividuitatem
1312 4307 1375 4350 non
1389 4285 1553 4368 recipiunt,

444 4391 510 4447 tota
533 4383 571 4448 ad
596 4385 780 4467 legatarium
802 4387 968 4469 pertinent.
1015 4386 1068 4450 sed
1093 4395 1196 4472 potest
1216 4387 1322 4451 borodi
1342 4387 1400 4451 hoc
1418 4386 1553 4450 remedio

444 4487 592 4567 succurri,
620 4495 657 4550 ut
683 4487 900 4552 aestimatione
926 4489 1009 4552 facta
1031 4490 1126 4572 legati
1148 4490 1312 4554 denuntiet
1334 4491 1491 4574 legatario,
1521 4497 1554 4553 ut
