3442 5412
842 443 1056 507 ..42-

450 615 592 680 homines
615 614 800 680 adlicientur
821 614 947 682 nemine
969 636 1041 680 cnm
1059 613 1107 679 his
1130 612 1331 679 contrahente
1350 611 1385 678 'et
1407 609 1559 697 quodam-

449 717 542 784 modo
566 717 749 783 commercio
772 717 817 782 eis
839 717 1054 784 interdicatur.
1089 715 1195 800 itaque
1223 715 1283 779 nisi
1311 723 1366 780 aut
1392 714 1560 780 manifesta

452 819 696 904 circumscriptio
711 819 754 884 sit
768 829 824 886 aut
838 827 905 884 tam
920 820 1117 904 neglegenter
1132 819 1167 883 in
1181 839 1218 882 ea
1233 838 1328 882 causa
1342 818 1456 882 versati
1476 829 1560 898 sunt,

449 931 576 1008 praetor
596 922 792 1007 interponere
814 943 848 987 00
869 944 932 988 non
956 922 1057 987 debet.

365 1086 435 1156 mr.
457 1087 576 1169 1.11‚4
597 1088 678 1188 mg,
694 1088 737 1156 10
757 1067 887 1156 manee
911 1088 944 1170 4,
953 1087 986 1158 a

502 1207 657 1292 Ulpianus
678 1207 756 1272 libro
778 1209 936 1272 0011001010
960 1208 1003 1272 ad
1017 1209 1149 1272 edictam
1194 1209 1275 1272 Item
1290 1229 1353 1273 non
1368 1207 1560 1287 restituetur,

453 1311 506 1394 qui
528 1311 630 1378 sobrie
653 1332 719 1376 rem
740 1333 830 1376 suam
859 1311 1083 1375 administrans
1112 1310 1271 1376 occasione
1294 1310 1403 1374 damni
1424 1332 1487 1375 nen
1509 1309 1560 1373 in-

453 1414 592 1478 consulte
615 1412 794 1498 accidentis,
818 1413 873 1478 sed
895 1414 959 1477 fato
983 1413 1059 1478 velit
1082 1413 1220 1480 restitui:
1244 1434 1302 1478 nec
1324 1413 1409 1480 enim
1431 1421 1560 1477 eventus

453 1515 560 1580 damni
582 1515 812 1580 restitutionem
836 1515 987 1599 indulget,
1011 1515 1065 1580 sed
1088 1516 1266 1582 inconsulta
1280 1515 1424 1581 facilitas.
1469 1526 1501 1580 01
1515 1516 1561 1579 110
1638 1563 1650 1586 ,

452 1627 483 1684 01
498 1619 689 1705 Pomponius
712 1618 791 1684 libro
807 1618 976 1684 vicensimo
993 1627 1103 1684 octavo
1119 1619 1253 1704 scripsit.
1298 1618 1381 1684 unde
1397 1619 1561 1684 Marcellus

453 1722 537 1808 apud
559 1722 718 1787 Iulianum
740 1728 838 1805 notat,
862 1722 888 1787 si
911 1721 1014 1786 minor
1035 1722 1097 1786 sibi
1111 1743 1237 1788 servum
1251 1722 1461 1787 necessarium
1477 1744 1559 1786 com-

453 1825 620 1911 paraverit,
648 1848 722 1890 mex
750 1826 926 1906 decesserit,
958 1847 1020 1889 non
1048 1825 1161 1890 debere
1189 1847 1261 1890 eum
1288 1825 1426 1890 restitui:
1461 1846 1562 1912 neque

452 1929 537 1993 enim
573 1937 682 2015 captus
720 1937 766 1994 est
804 1930 934 1994 emendo
971 1928 1033 1993 sibi
1068 1949 1135 1992 rem
1171 1929 1446 2014 pernecessariam,
1488 1929 1561 1993 licet

453 2031 627 2096 mortalem.

355 2189 430 2255 1112.
452 2190 578 2272 l.1pr.
601 2187 681 2270 Dig.
706 2187 748 2254 do
771 2188 892 2271 stlpnl.
915 2190 1030 2272 praet
1052 2189 1110 2272 46,
1123 2189 1154 2255 1.

503 2305 656 2392 Ulpianus
689 2307 767 2371 libro
798 2310 1043 2392 septemgeminae
1076 2311 1119 2372 cd
1150 2310 1284 2373 edictam
1335 2309 1563 2373 praetoriarum

453 2411 692 2496 stipulationum
714 2418 777 2476 tres
799 2410 945 2475 videntur
964 2431 1031 2478 esse
1046 2413 1174 2497 species,
1197 2412 1358 2478 iudiciales
1375 2411 1563 2476 cautionales

455 2535 643 2580 communes,

356 2673 429 2740 193.
453 2672 513 2739 lt
537 2672 616 2754 llig.
640 2671 683 2738 de
706 2674 802 2739 1011.
826 2672 897 2739 obl.
920 2671 975 2754 11,
987 2671 1015 2738 l.

495 2793 687 2878 Pomponiae
709 2791 788 2856 libro
803 2795 966 2857 cicenm‘mo
980 2804 1060 2858 secto
1075 2795 1118 2857 od
1132 2792 1287 2858 Sabinam
1320 2794 1564 2879 Stipulatiouum

454 2899 534 2962 aliae
561 2896 724 2961 iudiciales
750 2904 834 2978 sunt,
869 2896 949 2960 aliae
978 2898 1161 2984 praetoriae,
1195 2898 1275 2962 eliae
1303 2896 1563 2978 conventionales

453 3001 533 3064 aliae
556 3020 735 3065 communes
758 3000 931 3085 praetoriae
953 3009 985 3064 et
999 3000 1170 3065 iudiciales.
1207 3000 1370 3065 iudiciales
1385 3008 1459 3064 sunt
1474 2999 1564 3063 dnm-

453 3103 551 3184 taxat,
585 3124 666 3187 quae
696 3124 715 3165 a
741 3124 826 3168 mero
852 3102 966 3168 indicis
994 3103 1095 3168 officio
1122 3104 1368 3188 proficiscuntur,
1402 3102 1500 3168 veluti
1527 3101 1565 3166 de

454 3207 525 3272 dolo
548 3207 665 3271 cautio:
689 3206 871 3291 praetoriae,
896 3226 975 3289 quae
998 3229 1017 3270 a
1038 3227 1123 3272 moro
1146 3208 1297 3291 praetoris
1314 3206 1414 3270 officio
1429 3206 1566 3290 proficis·

366 3339 368 3344 ·
453 3317 576 3390 cuntur,
604 3309 704 3375 veluti
731 3308 837 3374 damni
863 3309 981 3374 infecti.
1026 3311 1196 3394 praetorias
1219 3316 1325 3374 autem
1347 3310 1565 3395 stipulationes

454 3413 497 3476 sic
519 3412 627 3492 'audiri
660 3419 791 3497 oportet,
824 3413 919 3477 utin
945 3412 996 3478 his
1023 3413 1240 3477 contineantur
1267 3412 1362 3477 etiam
1389 3412 1564 3477 aedilicias:

455 3537 529 3579 nam
560 3523 591 3579 et
621 3516 681 3579 hae
712 3515 750 3579 ab
778 3515 992 3580 iurisdictione
1019 3517 1159 3582 veniunt.
1204 3515 1456 3580 conventionales
1482 3524 1566 3595 sunt,

456 3639 535 3701 quae
563 3639 600 3682 ex
629 3619 835 3684 conventione
859 3639 984 3684 reorum
1013 3620 1102 3700 finnt,
1136 3641 1269 3704 quarum
1295 3607 1428 3684 totidem
1455 3638 1567 3701 genera

454 3729 538 3803 sunt,
561 3729 637 3805 quot
658 3743 757 3806 paene
780 3721 914 3786 dixerim
936 3743 1039 3786 rorum
1063 3721 1359 3787 contrahendarum:
1382 3743 1457 3786 nam
1479 3729 1510 3785 et
1528 3721 1566 3785 ob

454 3827 556 3910 ipsam
589 3825 755 3889 verborum
789 3825 1010 3908 obligationem
1043 3827 1123 3890 fiunt
1156 3833 1188 3890 et
1214 3824 1350 3910 pendent
1378 3845 1417 3889 ex
1443 3824 1566 3908 negotio

455 3937 623 3995 contracto.
668 3949 848 3993 communes
880 3936 954 3993 sunt
985 3928 1203 4014 stipulationes
1230 3929 1329 3993 veluti
1354 3949 1421 3992 rem
1447 3928 1565 3992 salvam

455 4034 521 4097 sore
547 4032 674 4119 pupilli:
701 4053 776 4096 nam
802 4039 834 4096 01
860 4040 985 4117 praetor
1009 4032 1098 4096 iubet
1124 4053 1190 4096 rem
1217 4031 1337 4096 salvam
1359 4032 1424 4095 fore
1445 4031 1567 4122 pupillo

456 4136 559 4199 caveri
588 4143 619 4199 et
651 4135 811 4200 interdum
842 4134 948 4216 iudex,
981 4135 1008 4199 si
1042 4135 1132 4199 aliter
1159 4134 1298 4224 expediri
1324 4135 1401 4200 haec
1427 4155 1476 4199 res
1504 4156 1568 4199 non

455 4244 571 4321 potest:
598 4237 675 4302 item
703 4237 817 4322 duplae
839 4237 999 4322 stipulatio
1021 4237 1109 4302 venit
1131 4238 1169 4302 ab
1192 4237 1296 4303 indice
1318 4246 1373 4302 ant
1395 4238 1569 4325 abfl‘aedilis

427 4339 567 4406 redicto.
610 4340 779 4425 Stipulatio
807 4349 913 4405 antem
939 4349 987 4406 est
1008 4341 1174 4406 verborum
1200 4341 1372 4428 conceptio,
1403 4341 1516 4426 quibus
1541 4341 1569 4405 is

457 4444 511 4528 qui
532 4444 741 4527 interrogatur
763 4444 910 4509 daturum
931 4445 1127 4509 facturumve
1150 4465 1182 4510 se
1201 4444 1285 4529 quod
1300 4445 1506 4528 interrogatus
1521 4455 1570 4510 est

318 4547 321 4552 ’
429 4547 659 4633 aresponderit.
705 4548 788 4614 Satis
822 4547 959 4632 acceptio
994 4555 1040 4612 001
1066 4547 1239 4633 stipulatio,
1273 4569 1353 4632 quae
1379 4548 1426 4613 ita
1451 4547 1570 4631 obligat
