3442 5412
672 435 886 499 ...27-

277 612 439 691 acceptum
461 606 579 670 feratur
601 605 640 684 ei,
664 605 719 690 qni
740 605 797 672 sub
821 604 1001 675 condicione
1023 605 1176 691 promisit,
1199 607 1244 672 ita
1259 607 1386 674 demum

277 709 374 792 egisse
395 708 516 794 aliquid
539 709 734 793 acceptilatio
757 709 958 792 intellegitur,
981 710 1008 774 si
1031 709 1229 794 obligationis
1245 712 1385 776 condicio

274 811 443 876 exstiterit:
466 833 546 896 quae
560 811 588 876 si
602 812 704 876 verbis
719 811 905 878 nominatim
919 812 1168 898 acceptilationis
1184 814 1385 900 comprehen-

276 914 377 996 datur,
400 915 517 979 nullius
539 917 690 980 momenti
712 915 806 978 faciet
828 925 943 980 actum.

185 1075 251 1142 nr.
273 1049 415 1160 rragm.
431 1076 509 1142 vot.
526 1074 555 1161 s
573 1076 650 1142 sss.

322 1197 518 1282 Papinianus
555 1195 632 1262 libro
668 1199 798 1260 secundo
834 1219 1048 1282 responsorum
1101 1198 1165 1262 Sub
1205 1198 1385 1263 condicione

275 1301 414 1382 cognitor
440 1321 503 1365 non
530 1307 612 1364 reete
640 1300 740 1378 datur,
769 1321 832 1363 non
859 1301 956 1384 magis
984 1323 1080 1386 quam
1106 1301 1304 1386 mancipatur
1332 1308 1386 1364 aut

275 1410 436 1488 acceptum
458 1402 509 1466 vel
536 1424 707 1488 expensum
732 1405 844 1486 fertur3
873 1425 930 1468 nec
957 1404 997 1468 ad
1024 1426 1089 1468 rem
1113 1393 1257 1489 pertinet,
1287 1426 1325 1468 an
1350 1425 1385 1468 ea

276 1506 414 1570 condicio
438 1506 478 1570 sit
500 1507 626 1586 inserta,
650 1527 730 1590 quae
753 1529 816 1570 non
838 1502 984 1592 expressa
1003 1507 1099 1571 tacite
1113 1508 1215 1572 inesse
1231 1507 1383 1574 videatur.

182 1667 250 1733 118.
272 1667 335 1733 12
357 1666 437 1749 Dig.
461 1667 503 1733 de
526 1668 564 1733 in
586 1668 678 1734 diem
702 1668 779 1733 add.
801 1667 853 1750 18,
866 1668 898 1734 2.

324 1784 478 1874 Ulpianus
511 1787 588 1850 libro
625 1790 786 1850 uicensimo
819 1798 921 1852 octavo
958 1789 1002 1850 ad
1033 1786 1186 1852 Sabinum
1235 1788 1384 1864 Quotiens

274 1891 389 1954 fundus
415 1892 447 1954 in
476 1891 558 1957 diem
586 1891 750 1970 addicitur,
778 1898 885 1956 utrum
912 1913 990 1976 pura
1017 1892 1133 1976 emptio
1160 1899 1216 1969 est,
1245 1891 1300 1956 sed
1326 1892 1383 1954 sub

275 1993 454 2058 condicione
476 1993 650 2074 resolvitur,
675 2015 715 2058 an
736 2015 809 2059 vero
833 1994 1054 2058 condicionalis
1076 1994 1118 2058 sit
1139 1995 1238 2077 magis
1257 1993 1383 2078 empti03

275 2096 465 2181 quaestionis
488 2103 544 2160 cst.
579 2107 610 2162 et
632 2096 710 2160 mihi
732 2097 857 2161 videtur
881 2097 983 2161 verius
1005 2097 1164 2176 interesse,
1188 2096 1262 2180 quid
1279 2105 1384 2160 aetum

274 2201 328 2264 sit:
356 2222 431 2263 nam
458 2199 486 2263 si
513 2199 643 2282 quidem.
667 2200 725 2264 hoc
752 2208 857 2263 actum
886 2207 941 2280 est,
970 2207 1005 2264 ut
1032 2199 1159 2264 meliore
1186 2199 1283 2263 allata
1310 2221 1382 2262 con-

275 2302 396 2368 dicione
423 2302 608 2382 discedatur,
643 2304 701 2368 erit
732 2324 811 2390 pura
845 2304 970 2389 emptio,
1005 2325 1085 2387 quae
1118 2303 1175 2367 sub
1203 2302 1383 2368 condicione

274 2406 452 2471 resolvitur:
480 2406 529 2471 sin
557 2415 662 2470 autem
688 2407 747 2471 hoc
773 2415 879 2470 actum
906 2415 961 2486 est,
989 2415 1025 2470 ut
1051 2407 1229 2491 perficiatur
1256 2405 1381 2489 emptio,

271 2509 334 2574 nisi
355 2509 467 2573 melior
489 2509 629 2574 condicio
654 2511 808 2590 offeratur,
832 2510 891 2574 erit
914 2510 1031 2594 emptio
1051 2509 1282 2576 condicionalis.
1321 2508 1382 2576 Ubi

271 2613 365 2695 igitur
387 2613 558 2677 secundum
581 2612 664 2696 quod
686 2612 886 2680 distinximus
908 2633 986 2698 pura
1007 2611 1146 2677 venditio
1162 2619 1218 2692 est,
1242 2611 1382 2674 lulianus
1502 2641 1505 2646 v

272 2716 381 2780 scribit
403 2717 494 2799 hunc,
519 2717 567 2780 eui
591 2737 639 2780 res
662 2718 695 2780 in
719 2717 803 2780 diem
825 2716 951 2780 addicta
974 2723 1030 2797 est,
1054 2722 1086 2779 61
1108 2736 1278 2799 usucapere
1293 2735 1382 2798 posse

272 2827 303 2883 61
331 2820 451 2882 fructus
475 2827 505 2909 et
528 2819 718 2884 accessiones
740 2818 854 2882 lucrari
878 2826 910 2882 et
933 2817 1106 2903 periculum
1128 2816 1168 2880 ad
1191 2838 1263 2902 eum
1285 2817 1402 2900 perti·

270 2943 353 3017 nere,
377 2922 404 2984 si
427 2942 474 2985 res
497 2921 659 2990 interierit

179 3084 377 3168 119.1.2,3
401 3085 481 3166 urg.
504 3103 570 3168 pre
594 3087 702 3169 enrpt.
724 3086 775 3168 41,
786 3084 819 3152 4.

194 3219 219 3246 ¹
313 3206 434 3270 Paulus
464 3205 540 3269 libro
562 3209 839 3292 quinquepensinao
863 3217 974 3292 quanto
997 3208 1041 3270 ad
1061 3208 1192 3270 edictum
1236 3204 1380 3283 Sebinno,

270 3310 297 3372 si
323 3310 367 3374 sic
395 3316 501 3393 empta
528 3309 578 3384 sit,
606 3316 650 3392 ut,
679 3309 740 3372 nisi
766 3310 899 3395 pecunia
926 3311 1009 3375 intra
1031 3309 1115 3373 diem
1138 3315 1257 3372 certum
1279 3307 1381 3372 soluta

270 3420 359 3494 esset,
393 3412 534 3496 inempta
566 3433 614 3477 res
648 3413 744 3496 fieret,
779 3435 841 3477 non
875 3420 1100 3497 usucapturum
1133 3410 1194 3476 nisi
1222 3410 1381 3494 persoluta

270 3516 411 3600 pecunia.
446 3514 501 3578 sed
523 3514 695 3595 videamus,
718 3523 824 3580 utrum
847 3516 986 3581 condicio
1009 3517 1052 3580 sit
1072 3515 1129 3579 hoc
1145 3537 1186 3578 an
1201 3513 1378 3579 conventio:

270 3619 296 3682 si
319 3619 482 3682 conventio
506 3625 561 3697 est,
584 3620 682 3701 magis
705 3619 876 3685 resolvetur
900 3641 995 3704 quam
1016 3619 1208 3704 implebitur.

171 3780 246 3846 lac.
270 3779 442 3866 §tinet
466 3780 508 3848 de
531 3784 720 3848 verborum
743 3782 962 3864 obligatione
986 3781 1019 3865 3,
1031 3781 1083 3846 15.

312 3910 524 3990 Condiciones,
553 3931 633 3994 quae
659 3910 698 3976 ad
724 3914 928 3996 praeteritum
950 3911 1000 3977 vel
1027 3895 1233 4000 adpraesens
1256 3918 1379 3993 tempus

268 4016 454 4096 referuntur,
477 4021 532 4078 aut
555 4013 662 4080 statim
683 4015 844 4083 infirmant
867 4016 1088 4099 obligationem
1104 4022 1158 4078 aut
1174 4014 1300 4079 omnino
1316 4035 1379 4079 non

267 4117 429 4181 differunt:
459 4117 558 4181 veluti
586 4117 622 4181 ‘si
645 4117 746 4182 Titius
769 4119 878 4183 consul
899 4118 969 4184 fuit’
992 4118 1043 4184 vel
1065 4118 1103 4182 ‘si
1125 4117 1266 4184 Maevius
1289 4117 1378 4195 vivit,

219 4203 226 4214 ⁸
269 4220 342 4285 dare
364 4220 529 4306 spondes?’
562 4242 637 4284 nam
659 4222 685 4284 si
709 4242 746 4285 ea
763 4223 809 4286 ita
824 4243 887 4288 non
901 4230 984 4305 sunt,
1008 4222 1086 4286 nihil
1101 4222 1187 4286 valet
1202 4220 1378 4306 stipulatio:

268 4323 317 4387 sin
341 4331 446 4388 autem
468 4323 514 4388 ita
535 4344 568 4388 se
590 4324 716 4405 habent,
738 4326 845 4390 statim
867 4326 961 4390 valet.
996 4346 1075 4408 quae
1096 4326 1181 4391 enim
1205 4344 1379 4411 perrarum

267 4433 411 4492 naturam
435 4434 520 4493 certa
545 4434 629 4510 sunt,
656 4450 719 4493 non
745 4435 909 4494 morantur.
935 4428 1166 4511 obligationem,
1194 4427 1268 4492 licet
1296 4424 1377 4510 apud

267 4551 323 4596 nos
344 4530 465 4596 incerta
486 4531 558 4598 sint.
