3442 5412
844 414 1056 478 ..30-

450 583 483 648 id
506 586 589 668 quod
616 607 762 665 emeram,
791 584 902 650 deinde
929 594 1037 671 postea
1064 587 1210 650 offerente
1233 586 1286 649 illo
1310 607 1364 668 ego
1388 607 1451 650 non
1474 607 1562 649 acoe-

452 690 571 773 perim?
608 710 682 754 sane
703 689 761 753 hoc
784 710 856 753 casn
879 711 989 755 nocere
1011 689 1090 754 mibi
1112 689 1248 754 deberet.
1285 689 1341 754 sed
1363 689 1390 754 si
1405 711 1458 773 per
1474 711 1562 775 emp-

451 800 552 857 torem
578 814 667 856 mora
699 792 817 873 fnisset,
853 792 975 872 deinde,
1009 815 1081 857 cum
1109 793 1214 858 omnia
1241 793 1274 857 in
1300 793 1421 870 integro
1448 800 1562 874 essent,

451 896 595 960 venditor
616 918 735 960 moram
759 896 946 975 adbibuerit,
971 918 1041 960 cum
1064 904 1168 981 posset
1185 918 1217 960 se
1233 897 1403 976 exsolvere,
1427 917 1564 981 aequum

452 1007 499 1063 est
520 1000 722 1085 posteriorem
745 1022 865 1064 moram
888 1000 1042 1064 venditori
1064 1021 1183 1065 nocere.

406 1184 414 1204 .
452 1140 476 1204 l.
492 1138 531 1203 72
543 1158 597 1222 pr.
619 1139 700 1221 Dig.
724 1138 767 1206 de
790 1139 895 1205 solut.
919 1141 957 1208 et
977 1139 1121 1205 liberat.
1143 1138 1200 1222 46,
1213 1139 1246 1204 3.

494 1260 660 1324 Marcellus
682 1260 759 1323 labro
780 1262 943 1350 niceratus
965 1261 1151 1344 clipeatorum
1196 1260 1254 1339 Qui
1278 1261 1384 1326 decem
1408 1259 1509 1350 debet,
1535 1260 1564 1322 si

451 1386 487 1428 ea
521 1365 668 1450 optulerit
701 1364 846 1428 creditori
880 1373 911 1428 et
943 1364 997 1428 ille
1030 1365 1096 1429 sine
1130 1365 1212 1428 iusta
1240 1384 1333 1428 cansa
1360 1385 1397 1427 ea
1423 1363 1563 1447 accipere

450 1469 613 1550 recusavit,
642 1468 754 1532 deinde
781 1468 902 1532 debitor
929 1491 966 1532 ea
992 1469 1059 1532 sine
1087 1488 1143 1532 sua
1170 1468 1261 1553 culpa
1288 1467 1467 1552 perdiderit,
1497 1467 1570 1530 doli.

450 1572 525 1637 mali
549 1572 730 1657 exceptione
753 1578 855 1657 potest
878 1592 910 1635 se
937 1572 1029 1652 tueri,
1058 1593 1249 1656 quamquam
1271 1570 1439 1654 aliquando
1463 1569 1562 1634 inter-

450 1676 583 1762 pellatus
604 1673 830 1739 non‘solverit:
859 1675 975 1739 etenim
997 1696 1059 1738 θοθ
1083 1683 1284 1759 estnequam
1307 1674 1407 1738 teneri
1428 1675 1562 1758 pecnnia

449 1780 573 1859 amissa,
608 1779 682 1862 qnia
714 1800 776 1843 non
809 1787 975 1860 teneretur,
1011 1778 1037 1842 si
1072 1778 1205 1842 creditor
1236 1779 1374 1862 accipere
1401 1777 1559 1842 voluisset.

451 1905 545 1967 quare
567 1904 622 1967 pro
645 1883 746 1946 soluto
768 1882 811 1965 id,
835 1883 868 1946 in
892 1903 952 1966 quo
976 1881 1109 1945 creditor
1133 1880 1312 1965 accipiendo
1336 1902 1455 1946 moram
1477 1881 1559 1964 fecit,

451 1994 571 2072 oportet
599 2007 673 2052 esse.
720 1993 750 2050 et
772 2007 846 2050 sane
869 1985 895 2048 si
918 1991 1026 2049 servus
1049 1984 1171 2048 eratin
1194 1985 1266 2049 dote
1289 2005 1423 2068 eumque
1446 1984 1561 2070 optulit

450 2090 580 2154 maritus
603 2097 634 2153 et
657 2089 683 2152 is
706 2110 813 2154 servus
835 2088 978 2169 decessit,
1001 2096 1056 2152 aut
1078 2107 1223 2152 nummos
1238 2087 1354 2173 optulit
1370 2109 1483 2172 eosque
1498 2109 1559 2152 non

450 2193 621 2279 accipiente
642 2193 773 2256 muliere
790 2192 974 2277 perdiderit,
999 2192 1066 2277 ipso
1089 2193 1157 2256 iure
1180 2191 1300 2256 desinet
1321 2191 1431 2256 teneri.

342 2328 417 2394 352.
448 2328 473 2393 l.
489 2327 529 2392 41
550 2328 631 2408 big.
655 2327 698 2394 de
720 2327 859 2411 peculio
881 2326 973 2411 15,1.

499 2446 653 2532 Ulpianus
690 2447 765 2510 libro
803 2449 1061 2532 quadrupcnaimo
1094 2449 1182 2521 torale
1215 2447 1257 2508 ad
1280 2441 1444 2512 ‘Sabinum
1497 2447 1560 2510 Nec

449 2573 556 2617 servus
584 2552 752 2636 quicquam
779 2552 889 2616 debere
915 2559 1019 2637 potest
1045 2573 1101 2615 nec
1129 2571 1215 2616 servo
1239 2557 1341 2636 potest
1363 2550 1477 2630 deberi,
1506 2549 1559 2613 sed

450 2678 520 2720 cum
548 2677 582 2720 eo
610 2657 703 2719 verbo
731 2655 899 2738 abutimur,
929 2657 1047 2720 factum
1069 2655 1168 2738 magis
1191 2655 1440 2719 demonstramus
1464 2674 1557 2737 quam

449 2760 488 2823 ad
521 2761 569 2824 ins
603 2760 694 2824 civile
728 2759 889 2826 referimus
928 2759 1159 2842 obligationem.
1212 2759 1319 2841 itaque
1353 2758 1436 2840 quod
1470 2777 1557 2822 servo

448 2864 588 2942 debetur,
616 2864 653 2926 ab
683 2863 839 2928 extraneis
866 2862 1010 2926 dominus
1032 2869 1114 2926 recte
1137 2853 1232 2947 petet,
1256 2861 1338 2945 quod
1360 2881 1467 2925 servus
1490 2861 1557 2944 ipse

449 2968 549 3048 debet,
573 2989 608 3030 eo
632 2967 758 3030 nomine
780 2967 813 3032 in
838 2966 993 3050 peculium
1017 2975 1056 3047 et,
1081 2967 1108 3028 si
1131 2966 1206 3049 quid
1222 2965 1294 3029 inde
1309 2965 1340 3029 in
1358 2986 1424 3028 rem
1440 2963 1557 3028 domini

448 3091 573 3148 versum
596 3078 653 3150 est,
676 3071 709 3134 in
733 3070 893 3134 dominum
918 3069 998 3133 actio
1022 3068 1122 3132 datur.

341 3204 416 3271 aaa.
447 3206 471 3272 ι.
486 3204 572 3287 rar
595 3205 677 3288 urg.
699 3204 743 3271 ιο
764 3204 917 3271 enerues.
941 3205 978 3271 sc
1000 3203 1115 3270 manc.
1138 3202 1234 3285 aar.

490 3327 637 3390 Iulianus
659 3327 736 3389 libro
758 3327 1033 3411 qninquapcasa'mo
1055 3327 1144 3389 tertio
1166 3326 1352 3409 clipeatorum
1393 3324 1557 3388 Naturales

448 3431 651 3514 obligationes
677 3447 740 3494 non
767 3451 801 3494 eo
829 3431 894 3494 solo
923 3429 1137 3511 aestimantur,
1165 3428 1192 3492 si
1219 3429 1299 3515 actio
1323 3427 1428 3512 aliqua
1451 3449 1557 3492 eorum

447 3535 573 3599 nomine
596 3535 753 3618 competit,
778 3555 885 3598 verum
909 3533 1003 3597 etiam
1027 3555 1097 3598 eum
1113 3533 1215 3597 soluta
1230 3533 1364 3616 pecunia
1378 3532 1477 3617 repeti
1495 3553 1556 3596 θοθ

391 3699 393 3702 .
447 3645 562 3724 potest:
598 3659 671 3701 nam
704 3637 778 3700 lieet
807 3637 911 3701 minus
939 3639 1062 3722 proprie
1092 3636 1202 3701 debere
1230 3637 1374 3700 dicantur
1400 3635 1557 3700 naturales

447 3741 610 3820 debitores,
639 3761 694 3824 per
721 3740 902 3805 abusionem
930 3741 1081 3824 intellegi*
1097 3747 1229 3826 possunt
1256 3739 1411 3804 debitores
1435 3745 1474 3820 et,
1504 3738 1555 3820 qui

448 3845 485 3908 ab
510 3845 557 3908 lris
579 3844 746 3928 pecuniam
769 3843 1098 3928 recipiuntdebitum
1121 3843 1182 3907 sibi
1204 3843 1365 3928 recepisse.

340 3980 415 4046 354.
446 3981 472 4046 l.
488 3979 526 4045 13
538 3999 591 4062 pr.
614 3979 695 4061 Dig.
719 3978 762 4044 de
785 3978 935 4046 condiet.
958 3978 1076 4048 indeb.
1099 3977 1151 4055 12,
1163 3978 1196 4042 6.

489 4101 609 4163 Paulus
632 4099 710 4163 libro
731 4102 845 4163 deamo
867 4101 911 4162 cd
931 4099 1083 4164 Somnum
1118 4099 1309 4163 Naturaliter
1332 4099 1428 4162 etiem
1450 4118 1555 4162 servus

447 4204 615 4288 obligatur:
640 4212 671 4268 et
692 4204 772 4286 ideo,
797 4205 823 4267 si
847 4204 916 4286 quis
939 4204 1064 4267 nomine
1088 4203 1154 4266 eius
1178 4203 1279 4267 solvat
1298 4203 1347 4266 vel
1362 4201 1429 4287 ipse
1445 4222 1554 4264 manu-

446 4309 571 4388 missus,
599 4316 634 4372 ut
656 4307 845 4392 Pomponius
868 4307 986 4387 scribit,
1014 4329 1053 4370 ex
1074 4306 1206 4390 peculio,
1236 4307 1323 4370 cuius
1347 4305 1479 4369 liberam
1502 4303 1553 4366 ad-

445 4411 708 4476 ministrationem
723 4411 846 4491 babeat,
862 4410 960 4495 repeti
976 4432 1038 4475 non
1055 4410 1182 4494 poterit:
1200 4418 1231 4474 et
1246 4411 1284 4474 ob
1300 4410 1333 4472 id
1349 4416 1380 4474 et
1394 4408 1555 4474 fideiussor

445 4537 500 4601 pro
520 4537 607 4580 servo
631 4523 777 4600 acceptus
799 4522 923 4578 tenetur
946 4523 977 4577 et
999 4514 1109 4599 pignus
1131 4534 1186 4598 pro
1210 4535 1244 4578 eo
1269 4513 1376 4577 datum
1399 4511 1555 4577 tenebitur
