3442 5412
826 434 1036 498 230..

338 601 1214 686 133.1.11111ς.101101·00.1011001010101.
1262 647 1264 652 -
1320 587 1322 591 ’

481 723 636 809 Ulpianus
662 723 739 788 libro
771 726 1004 810 quedreqeeimo
1035 726 1122 788 tertio
1154 726 1197 787 ed
1226 725 1359 788 edietum
1407 726 1539 791 Nomina

432 847 548 906 eorum,
574 829 629 911 qui
652 828 709 892 sub
733 828 914 893 oondieione
935 828 986 893 vel
1009 829 1041 892 in
1065 828 1149 892 diem
1177 828 1301 911 debent,
1330 836 1361 893 et
1387 849 1488 894 emere
1511 841 1542 895 et

432 931 564 996 vendere
587 931 736 996 solemus:
761 951 797 995 ea
819 931 905 996 enim
926 951 974 995 res
997 939 1052 1012 est,
1077 952 1156 1014 quae
1180 930 1241 994 emi
1262 939 1293 994 et
1308 932 1413 996 venire
1428 941 1540 1016 potest.

338 1076 411 1142 134.
434 1077 574 1158 Fragm.
591 1075 668 1142 rae
686 1075 708 1162 ᾖ
726 1076 791 1143 283
816 1077 873 1161 (--
885 1077 950 1143 et
973 1075 1055 1146 (iod.
1072 1077 1115 1145 de
1139 1075 1221 1144 don.
1238 1094 1325 1158 quoe
1349 1079 1414 1144 sub
1437 1078 1540 1150 modo

432 1181 467 1263 8,
477 1180 549 1264 54).
600 1253 601 1256 Ἴ

479 1303 579 1386 Impp.
598 1302 810 1366 Diocletianus
826 1313 854 1366 et
869 1301 1087 1366 Maximianus
1109 1300 1155 1388 (e.
1172 1299 1255 1388 286)
1294 1303 1327 1366 Si
1344 1302 1541 1386 praediorum

433 1396 708 1490 stipendiariorum
732 1407 954 1491 proprietatem
970 1405 1051 1472 dono
1068 1405 1181 1470 dedisti
1196 1406 1251 1486 ita,
1275 1413 1310 1470 ut
1325 1411 1540 1490 postmortem

433 1510 499 1574 eius
522 1509 577 1592 qui
599 1510 720 1594 aoeepit
746 1510 786 1574 ad
812 1517 843 1573 te
871 1509 994 1587 rediret,
1030 1509 1156 1574 donatio
1183 1509 1278 1574 inrita
1312 1517 1369 1590 est,
1404 1529 1475 1573 oum
1502 1510 1541 1572 ad

432 1621 556 1697 tempus
583 1614 630 1695 (te
652 1614 715 1676 cod.
733 1613 775 1696 fr.
792 1624 872 1697 eet.,·
899 1621 1023 1697 tempus
1052 1613 1143 1695 leat.)
1177 1612 1350 1698 proprietas
1380 1613 1541 1677 transferri

433 1716 609 1801 nequiverit
632 1723 690 1780 ete.

339 1850 1077 1934 nummumemmn

474 1970 621 2036 Seeeeole
636 1971 713 2036 libro
729 1983 830 2035 oetaeo
846 1974 1060 2056 quaestionem
1096 1971 1155 2036 Eas
1171 1992 1290 2053 causas,
1307 1991 1386 2055 quae
1401 1970 1542 2055 protinus

434 2084 577 2159 agentem
599 2075 765 2159 repellunt,
787 2076 821 2140 in
843 2075 1091 2140 fideicommissis
1114 2096 1176 2139 non
1199 2096 1254 2159 pro
1277 2073 1541 2140 condicionalibus

434 2178 592 2243 observari
615 2185 750 2264 oportet:
775 2199 827 2243 eas
843 2200 926 2261 vero,
951 2200 1030 2262 quae
1048 2179 1166 2243 habent
1180 2199 1301 2243 moram
1317 2199 1387 2242 oum
1404 2183 1541 2262 sumptu,

433 2281 636 2346 admittemus
660 2281 802 2348 cautione
826 2282 945 2346 oblata:
974 2303 1029 2346 neo
1058 2281 1142 2346 enim
1168 2303 1275 2366 parem
1299 2281 1437 2346 dicemus
1460 2302 1540 2361 eum,

433 2387 483 2449 oui
505 2385 551 2449 ite
574 2383 681 2450 datum
698 2386 748 2468 sit,
773 2386 800 2450 si
814 2393 1053 2450 monumentum
1068 2385 1185 2466 feeerit,
1210 2393 1240 2450 et
1262 2406 1343 2467 eum,
1367 2385 1417 2448 oui
1433 2384 1541 2448 datum

433 2495 488 2569 est,
514 2496 549 2552 nt
572 2497 809 2554 monumentum
833 2490 937 2553 faeiat.

340 2633 1030 2719 mmmmmmmmm

482 2754 635 2839 Ulpianus
662 2757 739 2820 libre
766 2759 925 2820 elcenae'mo
953 2769 1056 2820 oetaeo
1083 2757 1126 2820 eol
1151 2757 1282 2820 edietum
1328 2757 1386 2820 Per
1412 2755 1541 2819 liberam

433 2869 537 2925 antem
560 2882 725 2946 personam
747 2861 884 2945 pignoris
908 2861 1056 2944 obligatio
1072 2860 1163 2925 nobis
1178 2882 1242 2925 11011
1257 2859 1441 2943 adquiritur,
1464 2857 1539 2921 adeo

433 2973 529 3028 utne
552 2986 607 3050 per
633 2972 863 3049 procuratorem
892 2965 1076 3048 plerumque
1103 2965 1154 3028 vel
1181 2972 1317 3029 tutorem
1345 2961 1539 3047 adquiratur:

433 3075 463 3132 et
485 3067 555 3131 ideo
578 3066 639 3152 ipsi
662 3067 783 3131 aotione
807 3066 1010 3150 pigneratioia
1033 3068 1264 3132 convenientur.
1288 3065 1340 3130 sed
1356 3086 1413 3129 nee
1428 3070 1538 3144 mutat,

433 3170 515 3254 quod
539 3169 745 3235 constitutum
768 3178 815 3234 est
838 3171 876 3233 ab
900 3171 1086 3254 imperatore
1108 3178 1213 3235 nostro
1237 3190 1326 3255 posse
1342 3190 1396 3254 per
1410 3168 1540 3232 liberam

431 3295 595 3360 personam
622 3275 848 3358 possessionem
875 3273 1013 3357 adquiri:
1048 3295 1120 3337 nam
1147 3274 1205 3337 hoo
1232 3294 1267 3338 eo
1295 3271 1471 3356 pertinebit,
1505 3279 1540 3334 ut

431 3377 584 3462 possimus
600 3377 737 3461 pignoris
753 3377 843 3441 nobis
860 3377 988 3460 obligati
1002 3377 1226 3461 possessionem
1240 3397 1295 3460 per
1310 3383 1538 3459 procuratorem

432 3479 482 3544 vel
504 3487 640 3543 tutorem
667 3478 907 3563 adprehendere,
934 3481 1036 3563 ipsam
1064 3488 1168 3544 autem
1196 3478 1417 3562 obligationem
1443 3477 1541 3541 libera

432 3603 563 3668 persona
585 3583 675 3647 nobis
698 3602 761 3647 non
784 3603 906 3667 semper
929 3583 1081 3667 adquiret.

212 3739 215 3742 ’
339 3729 407 3795 137.
429 3727 561 3795 Paulus
585 3727 727 3796 SentV
751 3729 827 3810 2,2.

474 3851 534 3915 Per
549 3851 664 3916 liberas
679 3871 838 3936 personae,
862 3851 989 3935 quaein
1006 3858 1159 3935 potestate
1175 3859 1282 3916 nostra
1297 3873 1359 3916 non
1380 3858 1462 3933 sunt,
1486 3849 1541 3912 ad-

433 3954 515 4037 quiri
538 3955 627 4020 nobis
649 3954 729 4018 nihil
752 3961 863 4039 potest.
909 3954 970 4019 Sed
985 3974 1040 4038 per
1057 3961 1286 4037 procuratorem
1307 3953 1430 4039 adquiri
1453 3953 1542 4017 nobis

433 4058 708 4142 possessionem
731 4079 820 4142 posse
843 4056 990 4123 utilitatis
1013 4079 1106 4122 eausa
1128 4065 1288 4142 receptum
1311 4065 1368 4122 est.
1397 4107 1398 4114 ,

267 4125 302 4325 Χ
339 4201 413 4268 138.
434 4203 459 4269 l.
476 4202 564 4286 34,3
587 4204 667 4286 urg.
683 4205 726 4271 de
750 4205 856 4271 solut.
878 4191 936 4286 46,
947 4205 978 4270 3.

294 4304 297 4315 ¹
475 4325 622 4389 Iulianum
636 4325 713 4389 libro
729 4328 1002 4410 quinquepertitae
1018 4337 1131 4411 quarto
1145 4328 1329 4412 dipeetoruna
1373 4325 1407 4390 Si
1423 4323 1542 4389 Titium

432 4430 576 4495 omnibns
598 4430 731 4513 negotiis
755 4430 833 4493 meis
856 4449 1071 4516 praeposuere,
1096 4429 1209 4496 deinde
1224 4438 1350 4495 vetuere
1367 4451 1438 4494 eum
1454 4428 1542 4512 igno-

433 4532 573 4597 rantibus
602 4532 794 4597 debitoribns
823 4532 1042 4598 administrare
1069 4535 1192 4618 negotia
1218 4553 1297 4608 mea,
1331 4533 1486 4598 debitores
1513 4531 1543 4596 ei
