3442 5412
659 441 873 506 ..41-

261 611 319 697 hoo
341 610 370 676 01
394 611 607 694 quaerendum
628 619 687 692 est,
711 633 752 676 an
775 610 893 694 aliquis.
911 611 1089 676 meminerit
1104 611 1138 677 id
1153 633 1230 698 opus
1253 614 1370 677 factum

262 734 336 780 esse.
381 713 517 779 Paulas:
541 714 637 778 immo
654 736 723 779 oum
739 714 774 778 in
790 713 918 779 arbitrio
938 715 1108 799 quaeritur,
1132 715 1282 780 memoria
1296 715 1371 778 faeti

158 879 160 884 ,
262 817 363 902 operis
392 824 494 882 exstet
519 839 576 882 neo
605 839 654 900 ne,
687 839 750 884 non
776 819 834 883 hoo
862 819 1032 901 quaeritur,
1059 839 1137 882 num
1163 818 1278 902 aliquis
1305 839 1371 882 me-

262 919 399 1000 minerit,
434 941 494 1003 quo
522 919 572 984 die
599 931 665 985 aut.
682 941 741 1004 quo
766 921 891 984 consule
913 921 1032 984 factum
1054 921 1116 1001 sit‚‘
1133 920 1187 985 sed
1215 942 1292 1002 num
1315 921 1371 984 hoo

263 1022 483 1108 aliquomodo
512 1025 637 1109 probari
664 1025 772 1110 possit,
807 1023 987 1108 quandoid
1011 1045 1088 1109 opus
1109 1025 1227 1090 factum
1250 1025 1304 1089 sit:
1341 1033 1372 1088 et

262 1127 320 1191 hoo
346 1126 401 1209 ita,
429 1126 511 1210 quod
539 1128 655 1192 Graece
683 1127 744 1191 dici
770 1117 849 1192 solet
876 1127 905 1190 ἐν
933 1127 1045 1190 πλάτει.
1080 1126 1163 1192 enim
1190 1133 1293 1212 potest
1314 1126 1371 1190 hoe

262 1231 497 1296 memoria'non
519 1231 633 1297 teneri:
656 1231 741 1296 intra
764 1253 881 1295 annum
903 1240 980 1315 puta
1002 1231 1130 1310 facturn,
1155 1253 1226 1296 cum
1245 1229 1373 1295 interim

263 1356 353 1398 nemo
376 1335 419 1398 sit
441 1356 559 1417 eornm,
584 1335 639 1419 qui
661 1334 849 1414 meminerit,
875 1334 988 1418 quibus
1004 1334 1184 1398 oonsulibus
1200 1334 1235 1397 id
1249 1332 1372 1412 viderit,

263 1436 317 1500 sed
341 1458 412 1501 oum
440 1437 581 1502 omnium
608 1437 686 1502 haoo
713 1444 760 1501 est
794 1437 899 1522 opinio
925 1457 982 1501 neo
1010 1437 1132 1501 audisse
1159 1458 1217 1502 nee
1245 1435 1370 1516 vidisse,

241 1561 335 1604 oum
356 1539 389 1604 id
411 1561 490 1626 opus
512 1541 609 1618 fieret,
637 1561 738 1624 neque
765 1562 804 1605 ex
831 1541 876 1605 eis
904 1540 1037 1626 audisse,
1066 1540 1122 1624 qui
1143 1539 1295 1604 vidissent
1318 1548 1373 1603 aut

261 1643 436 1708 audissent:
472 1651 503 1708 et
532 1644 590 1708 hoo
622 1643 744 1708 infinite
770 1643 914 1707 similiter
944 1661 1049 1707 susum
1084 1663 1209 1708 versum
1243 1641 1371 1719 accidet,
1403 1689 1405 1694 -

261 1767 335 1810 oum
357 1747 509 1810 memoria
530 1746 634 1832 operis
657 1746 731 1810 facti
754 1767 816 1810 non
840 1753 984 1811 exstaret.

168 1873 255 1939 1811·
266 1874 291 1940 l.
306 1873 348 1938 16
370 1893 424 1958 pr.
440 1874 522 1956 Dig.
539 1873 582 1941 de
603 1873 732 1940 minor.
754 1873 788 1956 4,
796 1873 829 1939 4.

313 1989 467 2078 Ulpianus
490 1994 567 2057 libro
588 1989 746 2058 undecimo
768 1996 812 2058 acl
832 1995 964 2058 edictum
1006 1996 1044 2060 In
1066 1979 1373 2078 causaecognitione
1447 2019 1449 2027 ’

263 2097 358 2161 etiam
381 2097 439 2161 hoo
463 2097 647 2180 versabitur,
676 2119 752 2161 num
778 2098 857 2162 forte
884 2097 947 2161 alia
976 2098 1056 2163 actio
1079 2098 1178 2182 possit
1200 2104 1373 2183 competere

262 2200 340 2264 eitra
361 2201 396 2264 111
418 2201 575 2284 integrum
598 2201 838 2266 restitutionem.
883 2223 957 2266 nam
979 2201 1007 2265 si
1030 2203 1187 2266 communi
1203 2201 1318 2266 auxilio
1343 2212 1373 2265 et

251 2325 348 2375 ‚mero
370 2305 438 2368 iure
461 2303 603 2368 munitus
626 2304 677 2384 sit,
705 2324 767 2368 non
796 2304 890 2369 debet
917 2304 946 2369 ei
973 2304 1070 2368 tribui
1092 2303 1372 2370 extraordinarium

262 2406 428 2472 auxilium:
462 2414 497 2472 ut
524 2415 601 2492 puta
628 2429 699 2472 oum
726 2407 845 2492 pupillo
873 2414 1068 2473 contractum
1096 2417 1142 2473 est
1168 2408 1235 2474 sine
1262 2408 1373 2473 tutoris

265 2509 450 2584 auctoritate
473 2531 530 2574 neo
553 2509 738 2595 locupletior
759 2511 860 2574 faetus
883 2517 938 2574 est.

170 2645 241 2713 187.
263 2647 288 2712 1.
305 2645 328 2710 4
350 2647 429 2729 Dig.
446 2647 488 2713 de
510 2649 550 2713 in
571 2646 702 2729 integr.
717 2647 805 2715 rest.
820 2646 892 2732 4,1.

308 2766 506 2831 Callistratus
529 2767 607 2848 libro
627 2769 730 2850 primo
753 2768 845 2830 edicti
865 2769 1026 2832 monitorii
1068 2768 1138 2834 Soio
1160 2768 1239 2832 illud
1263 2791 1282 2832 a
1303 2769 1372 2854 qui-

264 2869 394 2934 busdam
419 2871 627 2952 observatum,
651 2891 690 2935 ne
712 2877 839 2956 propter
861 2871 939 2935 satis
954 2870 1119 2936 minimam
1133 2893 1200 2935 rem
1222 2871 1272 2936 vel
1287 2893 1372 2936 surn-

262 2995 357 3056 mam,
379 2974 406 3038 si
429 2975 541 3038 maiori
563 2974 608 3064 rei
631 2975 680 3062 rel
696 2993 837 3038 summae
850 2975 1090 3060 praeiudicatur,
1114 2975 1261 3039 audiatur
1275 2976 1302 3039 is
1319 2976 1373 3060 qui

262 3078 295 3141 in
318 3077 473 3159 integrum
496 3077 621 3141 restitui
642 3077 791 3162 postulat.

169 3205 243 3274 res.
265 3207 290 3273 1.
305 3207 418 3289 rnrg.
434 3206 477 3274 aa
499 3207 537 3274 rn
558 3185 689 3289 111131.
705 3207 792 3274 rost.
814 3206 888 3290 4,1.
923 3158 926 3163 ’

312 3325 465 3410 Ulpianus
492 3326 570 3390 libro
592 3328 758 3390 undecimo·
774 3328 817 3390 acl
835 3327 967 3390 edictum
1010 3327 1140 3392 Utilitas
1165 3327 1260 3391 hnius
1288 3327 1371 3391 tituli

263 3451 324 3494 non
348 3437 416 3514 eget
439 3430 719 3512 commendatione,
743 3429 811 3515 ipsa
829 3430 916 3495 enirn
933 3451 966 3495 se
983 3429 1129 3495 ostendit.
1152 3452 1227 3494 nam
1242 3430 1300 3494 sub
1315 3429 1373 3494 hoe

262 3534 355 3598 titulo
383 3533 577 3618 plurifariam
604 3541 728 3619 praetor
755 3534 933 3599 hominibus
960 3534 1010 3599 vel
1036 3533 1132 3620 lapsis
1159 3534 1208 3598 vel
1241 3534 1380 3601 circum.

263 3637 387 3722 scriptis
410 3637 567 3714 subvenit,
595 3637 661 3700 sive
688 3643 774 3702 metu
800 3637 866 3700 sive
893 3622 1065 3714 ealliditate
1091 3637 1157 3700 sive
1184 3643 1285 3701 aetate
1308 3637 1372 3701 sive

264 3740 405 3804 absentia
426 3739 603 3804 inciderunt
625 3739 865 3823 inceptionem,

170 3869 245 3936 189.
267 3869 329 3936 l.2
350 3869 432 3951 mg.
449 3869 492 3936 de
514 3869 552 3934 in
574 3869 705 3951 integr.
721 3869 808 3935 rest.
830 3867 864 3951 l,
873 3867 902 3933 1.

305 3988 427 4059 Paulus
443 3989 519 4054 libro
529 3992 633 4076 priano
643 3991 865 4054 sententiarum
898 3988 964 4053 sive
981 4009 1036 4072 per
1051 3978 1152 4053 status
1166 3987 1372 4052 mutationem

264 4101 318 4157 eut
341 4093 459 4158 iustum
483 4115 627 4157 errorem.
722 4089 751 4144 Γ
1017 4087 1021 4092 ’
1053 4085 1056 4090 ”

158 4221 247 4296 100.
270 4221 294 4287 1.
311 4220 395 4304 24,1
415 4222 497 4304 urg.
514 4221 557 4287 aa
578 4222 708 4288 minor.
729 4220 764 4303 4,
775 4220 808 4286 4.
839 4314 842 4320 .

305 4341 428 4426 Paulus
455 4341 532 4405 libro
558 4344 661 4426 primo
688 4342 909 4404 sententiarum
952 4340 1023 4404 Non
1048 4360 1172 4424 semper
1197 4345 1303 4404 autem
1326 4361 1371 4418 ea,

263 4465 344 4530 quae
359 4465 430 4510 eum
445 4445 617 4510 minoribus
633 4451 791 4529 geruntur,
813 4443 1018 4508 rescindenda
1032 4449 1114 4523 sunt,
1131 4442 1189 4507 sed
1202 4442 1241 4506 a'd
1256 4443 1372 4507 bonum

263 4555 295 4612 et
310 4569 446 4634 aequum
467 4547 640 4632 redigenda
650 4555 732 4630 sunt,
757 4568 796 4612 ne
812 4567 923 4629 magno
939 4545 1136 4611 incommodo
1152 4545 1245 4627 huius
1260 4545 1372 4610 aetatis
1436 4547 1438 4552 '
