3442 5412
819 428 1035 491 ...40-

426 594 579 660 iudicium
602 596 713 681 potior,
737 597 810 682 quie
825 619 926 682 neque
949 620 989 665 ex
1003 621 1039 664 eo
1060 599 1138 680 inre,
1163 619 1223 682 quo
1239 597 1341 663 litius
1364 597 1538 680 violasset,

325 721 327 726 ·
427 697 560 783 vindico,
587 721 690 784 neque
716 701 805 786 potui
832 701 914 766 Titio
942 702 1145 783 intercedere,
1172 723 1232 786 quo
1256 702 1360 766 minus
1387 703 1454 766 iure
1481 723 1538 766 suo

387 823 390 831 ’
428 809 543 886 utetur,
567 803 662 870 sicuti
683 811 716 869 et
737 805 775 870 dc
799 805 947 870 coherede
969 827 1063 891 supra
1086 805 1232 871 diximus.

333 939 409 1005 leo.
432 940 456 1006 1.
471 939 538 1022 4,3
560 941 642 1024 Dig.
658 943 690 1008 si
712 959 804 1011 serv.
820 943 912 1010 vind.
928 944 963 1026 8,
974 943 1007 1010 5.

479 1061 632 1148 Ulpianus
658 1063 734 1128 libro
759 1065 1024 1150 septimodecimo
1047 1065 1242 1128 adedictcnc
1285 1064 1319 1129 Si
1341 1065 1464 1148 fundus,
1489 1066 1540 1130 cui

428 1167 488 1231 iter
503 1166 643 1249 debetur,
668 1168 805 1252 plurium
825 1169 875 1248 sit,
899 1169 1068 1254 unicuique
1083 1170 1116 1234 in
1132 1168 1268 1234 solidum
1284 1169 1432 1254 competit
1448 1168 1539 1249 actio,

429 1277 460 1333 et
481 1269 527 1333 ita
550 1277 580 1334 et
602 1270 837 1356 Pomponius..
854 1270 976 1336 scribit:
1001 1271 1055 1336 sed
1077 1273 1110 1336 in
1134 1271 1386 1336 aestimationem
1404 1271 1437 1336 id
1457 1273 1540 1358 quod

428 1371 557 1436 interest
585 1373 698 1456 veniet,
734 1373 853 1438 scilicet
875 1373 958 1458 quod
991 1375 1058 1440 eius
1092 1375 1231 1456 interest,
1265 1375 1320 1459 qui
1353 1375 1538 1461 experietur.

430 1474 536 1558 itaque
560 1475 598 1540 de
621 1477 689 1541 iure
712 1476 838 1560 quidem
861 1477 929 1562 ipso
952 1477 1067 1562 singuli
1089 1477 1288 1563 experientur
1311 1485 1342 1542 et
1361 1477 1494 1543 victoria
1509 1486 1538 1543 et

429 1577 499 1642 aliis
522 1579 660 1664 proderit
683 1588 741 1644 eto.

343 1712 411 1779 181.
434 1713 493 1779 l.l
513 1715 595 1798 Dig.
612 1715 654 1784 de
677 1734 797 1801 usurp.
813 1717 851 1786 et
872 1735 969 1786 usuc.
990 1717 1041 1798 41,
1054 1718 1086 1783 3.

475 1835 575 1901 Gaius
597 1837 675 1902 libro
697 1841 859 1903 oiomoimo
879 1841 981 1924 primo
1003 1840 1045 1903 od
1063 1841 1195 1904 edesium
1218 1840 1411 1925 provinciale
1453 1840 1540 1904 Bono

429 1940 554 2025 publico
577 1942 727 2026 usucapio
750 1943 928 2008 introducta
950 1951 1007 2024 est,
1031 1965 1070 2008 ne
1091 1944 1211 2008 sedicet
1226 1943 1421 2028 quorundam
1437 1964 1541 2008 rerum

430 2042 484 2107 diu
518 2051 549 2108 et
582 2045 645 2110 iere
679 2066 802 2131 semper
828 2047 949 2112 ineerta
975 2047 1115 2111 dominia
1141 2055 1252 2130 essent,
1288 2068 1359 2112 oum
1386 2047 1541 2112 sufficeret

432 2145 566 2211 dominis
590 2148 629 2212 ed
652 2149 856 2232 inquirendos
878 2171 927 2216 ros
950 2171 1022 2215 suas
1044 2151 1156 2216 statuti
1178 2152 1328 2236 temporis
1350 2152 1496 2236 spatium.

336 2284 408 2351 182.
432 2303 506 2370 oap.
523 2287 567 2352 20
590 2286 626 2352 X
647 2287 690 2354 de
712 2289 1053 2373 praescriptionibus
1075 2293 1106 2374 2,
1119 2291 1162 2356 26
1187 2290 1368 2374 (111216).

473 2409 626 2484 Quoniam
650 2431 749 2493 omne,
774 2411 857 2495 qnod
879 2415 942 2476 non
966 2418 1012 2476 est
1034 2432 1073 2475 ex
1095 2411 1164 2494 fide,
1188 2419 1352 2497 peccatum
1368 2419 1425 2494 est,
1448 2433 1541 2496 syno-

432 2511 495 2574 dali
525 2511 644 2577 iudicio
679 2513 860 2597 diffinimus,
896 2523 931 2579 ut
964 2515 1052 2578 nulla
1085 2515 1189 2580 valeat
1223 2516 1340 2600 absque
1373 2515 1455 2580 bona
1481 2515 1542 2579 fide

406 2641 409 2644 ·
431 2616 634 2701 praescriptio
659 2625 724 2682 tam
747 2618 897 2682 canonica
920 2641 1015 2704 quam
1037 2618 1149 2700 civilis,
1174 2623 1271 2704 qoum
1295 2617 1479 2700 generaliter
1500 2619 1542 2683 sit

351 2797 355 2804 Ι
432 2719 517 2784 omni
530 2719 747 2785 constitutioni
759 2729 854 2806 atque
866 2722 1083 2787 consuetudini
1095 2722 1315 2806 derogandum,
1333 2744 1413 2807 quoe
1425 2723 1542 2808 ubsque

431 2823 556 2886 mortali
579 2831 705 2909 peccato
729 2846 792 2888 non
815 2832 918 2910 potest
940 2825 1105 2890 observari.
1152 2825 1242 2890 Unde
1266 2833 1395 2910 oportet,
1425 2833 1460 2890 ut
1486 2826 1541 2909 qui

430 2927 614 3011 praescribit
622 2927 656 2990 in
664 2927 1395 3014 nullatemporispartereihabeatconscientiam
1407 2929 1536 2993 alienae.

338 3063 410 3130 188.
434 3065 458 3131 1.
474 3064 543 3146 ae
565 3065 646 3147 erg.
663 3065 706 3133 oo
729 3083 806 3134 exo.
823 3033 991 3133 11114111.
1014 3067 1069 3151 44,
1079 3067 1112 3134 4.

474 3187 596 3251 Paulas
623 3187 700 3251 libro
722 3191 964 3274 eaptuapensc'mo
986 3191 1092 3273 primo
1118 3189 1161 3252 ad
1187 3189 1320 3252 edictum
1363 3189 1434 3252 Non
1459 3188 1542 3253 siout

330 3317 332 3322 ¹
431 3292 470 3356 de
493 3292 562 3358 dolo
586 3292 667 3356 actio
690 3300 773 3358 ocrto
795 3300 934 3379 tempore
956 3293 1073 3374 finitur,
1097 3293 1150 3367 ita,
1164 3293 1260 3357 etiem
1276 3292 1417 3378 exceptio
1433 3291 1542 3357 eodem

432 3409 570 3478 tempore
594 3394 699 3459 danda
720 3404 780 3460 est:
815 3417 888 3459 nam
910 3396 987 3459 haec
1009 3402 1157 3480 perpetuo
1182 3395 1339 3481 competit,
1358 3417 1435 3460 cum
1458 3401 1543 3459 actor

432 3497 561 3581 quidem
587 3498 621 3561 in
644 3519 700 3562 sua
722 3507 876 3582 potestate
903 3498 1027 3580 habeat,
1055 3497 1179 3583 quando
1201 3506 1310 3563 utatur
1331 3519 1388 3564 suo
1410 3498 1488 3579 iure,
1515 3498 1542 3562 is

327 3641 329 3645 ,
361 3625 363 3630 ·
432 3603 544 3664 autem
562 3622 632 3664 curn
656 3621 717 3684 quo
741 3601 842 3683 agitur
864 3603 927 3666 non
953 3601 1068 3666 hebeat
1094 3608 1291 3687 potestatem,
1320 3601 1444 3685 quaudo
1468 3623 1541 3667 con-

432 3702 585 3768 veniatur.

339 3839 413 3907 184.
436 3841 462 3907 1.
478 3840 546 3924 ar
567 3840 648 3923 mg.
665 3841 708 3908 oo
732 3860 820 3923 aqua
843 3843 927 3909 aon.
944 3810 982 3910 et
1004 3842 1091 3910 aest
1113 3841 1237 3926 4811.
1351 3863 1353 3867 v

475 3962 665 4049 Pomponius
687 3961 771 4027 libro
806 3965 982 4050 tripeosimo
1016 3975 1128 4050 quarto
1155 3964 1198 4026 od
1223 3961 1376 4027 Sabinum
1398 3965 1400 3968 ’
1423 3963 1542 4027 Ductus

434 4087 547 4151 equae,
576 4067 664 4130 ouius
692 4066 775 4150 origo
803 4067 987 4134 memoriam
1015 4065 1160 4147 excessit,
1192 4066 1260 4130 iure
1287 4064 1449 4131 constituti
1475 4066 1541 4130 loco

431 4170 572 4235 hebetur.
1387 4165 1390 4174 ’

340 4299 413 4366 ree.
436 4300 521 4366 118
543 4299 685 4382 111411
708 4277 808 4384 proc.
825 4301 862 4367 a
884 4295 999 4385 praes.
1023 4301 1076 4382 22,
1088 4272 1146 4380 s„
1216 4273 1219 4280 ’

457 4419 577 4506 ‘Labeo
610 4419 686 4487 libro
717 4424 842 4508 septimo
867 4421 1020 4508 pithonem
1046 4443 1067 4485 o
1094 4419 1195 4486 Paulo
1223 4420 1462 4505 epitomatorem·
1509 4419 1542 4482 Si

390 4585 393 4590 .
434 4525 550 4592 arbiter
572 4526 819 4602 animadvertere
842 4524 963 4606 debeat
986 4546 1027 4590 an
1049 4524 1151 4610 operis
1168 4521 1416 4591 iactimemoria
1431 4529 1541 4602 exstet,
