3442 5412
842 423 1054 490 ..86..

447 598 595 664 solutioni
618 597 823 681 competebat,
846 597 1024 662 transierat.
1062 597 1214 680 dicebam,
1239 596 1313 681 quia
1329 601 1420 680 pacta
1435 595 1469 660 in
1483 616 1557 662 con-

447 702 562 766 tinenti
583 703 667 766 lacta
689 701 885 786 stipulationi
907 702 1007 780 inesse
1027 701 1204 782 creduntur,
1227 700 1356 786 perinde
1376 720 1451 784 esse,
1476 701 1558 764 acsi

447 827 503 890 per
518 805 655 888 singulos
670 825 791 870 menses
807 812 925 870 certam
939 805 1104 891 pecuniam
1120 805 1298 890 stipulatus,
1321 804 1423 890 quoad
1439 803 1559 868 tardius

448 909 549 974 soluta
565 916 657 990 esset,
673 930 782 974 usuras
798 909 974 974 adiecisset:
990 909 1086 994 igitur
1101 909 1189 974 finito
1205 909 1305 995 primo
1321 929 1428 973 mense
1439 907 1559 994 primae

448 1012 606 1098 pensionis
625 1033 735 1077 usuras
755 1035 875 1078 currere
897 1021 927 1078 et
947 1013 1092 1078 similiter
1112 1020 1182 1098 post
1197 1012 1368 1077 secundum
1384 1019 1415 1076 et
1430 1010 1560 1074 tertium

448 1122 584 1179 tractum
611 1135 722 1180 usuras
749 1137 811 1180 non
838 1116 957 1181 solutae
983 1116 1134 1201 pecuniae
1160 1114 1318 1200 pensionis
1345 1134 1488 1178 crescere
1502 1130 1559 1177 neo

450 1226 522 1284 ante
545 1218 636 1283 sortis
657 1241 720 1283 non
744 1219 864 1284 solutae
886 1239 997 1283 usuras
1019 1219 1082 1304 peti
1103 1238 1192 1302 posse
1212 1239 1305 1302 quem
1325 1217 1395 1301 ipsa
1414 1237 1479 1282 sors
1494 1215 1560 1300 peti

449 1328 601 1408 potuerat.
639 1330 766 1408 pactum
786 1329 891 1386 autem
911 1323 994 1407 quod
1014 1321 1188 1387 subiectum
1211 1329 1256 1385 est
1271 1320 1400 1405 quidam
1415 1318 1560 1383 dicebant

450 1425 489 1488 ad
506 1424 597 1489 sortis
612 1425 798 1490 solutionem
815 1433 937 1490 tantum
954 1425 1118 1510 pertinere,
1139 1446 1202 1489 non
1217 1423 1313 1488 etiam
1329 1423 1369 1488 ad
1384 1436 1559 1500 usurarum,

450 1547 530 1611 quae
554 1527 653 1612 priore
676 1536 764 1612 parte
787 1528 971 1612 simpliciter
993 1527 1026 1592 in
1048 1527 1284 1613 stipulationem
1308 1525 1464 1590 venissent
1486 1545 1559 1608 pao-

451 1637 581 1713 tumque
602 1630 636 1694 id
655 1637 779 1695 tantum
800 1631 840 1695 ad
860 1631 1074 1715 exceptionem
1090 1631 1234 1715 prodesse
1250 1637 1281 1694 et
1296 1629 1365 1693 ideo
1381 1650 1443 1692 non
1459 1628 1562 1692 soluta

343 1777 346 1782 ,
450 1733 583 1818 pecunia
602 1733 729 1798 statutis
749 1734 951 1819 pensionibus
971 1756 1011 1798 ex
1027 1733 1077 1798 die
1093 1732 1305 1816 stipulationis
1318 1721 1561 1810 usurasdeberi,

451 1842 545 1919 atque
565 1835 592 1899 si
613 1835 644 1899 id
661 1836 847 1900 nominatim
863 1844 943 1900 esset
958 1855 1151 1920 expressum.
1189 1834 1243 1900 sed
1259 1855 1330 1898 cum
1345 1833 1436 1898 sortis
1449 1832 1561 1917 petitio

320 1941 331 1960 ⁰
451 1937 549 2002 dilata
575 1937 625 2020 sit,
655 1959 844 2023 consequens
872 1945 928 2018 est,
956 1946 992 2001 ut
1019 1937 1115 2002 etiam
1142 1958 1255 2002 usurae
1282 1959 1321 2001 ex
1348 1957 1384 2000 eo
1412 1943 1561 2020 tempore,

452 2062 513 2125 quo
536 2062 657 2104 moram
679 2039 762 2124 fecit,
786 2041 945 2120 accedant,
972 2048 1003 2105 et
1025 2041 1061 2124 si,
1086 2047 1122 2104 ut
1145 2041 1198 2104 ille
1221 2039 1362 2124 putebat,
1386 2040 1425 2103 ad
1449 2060 1562 2122 excep-

450 2145 569 2210 tionem
597 2150 721 2207 tantum
744 2145 901 2229 prodesset
924 2152 1050 2228 pactum
1079 2143 1239 2228 (quamvis
1261 2142 1416 2207 sententia
1440 2143 1564 2208 diversa

452 2247 646 2332 optinuerit),
670 2254 776 2312 temen
797 2268 961 2312 usurarum
987 2246 1133 2330 obligatio
1157 2246 1223 2331 ipso
1246 2246 1313 2309 iure
1334 2267 1396 2309 non
1418 2245 1562 2309 commit-

451 2358 548 2415 tetur:
573 2371 635 2414 non
655 2350 791 2415 enimin
811 2372 897 2414 mora
917 2358 963 2414 est
983 2349 1018 2430 is,
1040 2371 1059 2413 a
1080 2371 1140 2434 quo
1162 2348 1293 2434 pecunia
1308 2356 1434 2434 propter
1450 2369 1563 2432 excep-

452 2454 571 2517 tionem
590 2453 655 2538 peti
670 2475 733 2517 non
747 2461 858 2537 potest.
897 2453 951 2516 sed
967 2453 1187 2537 quantitatem,
1211 2474 1290 2537 quae
1305 2451 1408 2516 medio
1424 2458 1563 2535 tempore

453 2556 617 2640 colligitur,
651 2556 848 2640 stipulamur,
883 2577 953 2618 oum
981 2555 1121 2620 condicio
1150 2554 1314 2637 exstiterit,
1348 2554 1430 2618 sicut
1457 2561 1503 2618 est
1529 2553 1563 2617 in

451 2659 616 2724 fructibus:
640 2658 724 2722 idem
747 2658 833 2722 etin
858 2658 958 2722 usuris
981 2666 1084 2742 potest
1106 2658 1250 2742 exprimi,
1273 2664 1309 2721 ut
1332 2659 1370 2721 ad
1393 2656 1476 2721 diem
1499 2678 1560 2720 non

451 2763 554 2826 soluta
573 2761 705 2847 pecunia
725 2762 807 2845 quod
830 2761 979 2845 competit
1001 2782 1164 2825 usurarum
1187 2762 1313 2825 nomine
1335 2781 1375 2824 ex
1399 2759 1449 2823 die
1464 2759 1561 2822 inter-

450 2865 570 2950 positae
592 2864 804 2949 stipulationis
828 2871 1011 2948 praestetur.

345 3027 422 3092 379.
452 3029 477 3094 1.
493 3025 533 3091 61
555 3027 635 3108 Ilig.
659 3027 702 3094 de
724 3029 821 3094 verb.
846 3026 955 3108 obllg.
972 3025 1027 3108 45,
1040 3025 1069 3092 l.

426 3201 427 3208 ,
496 3147 643 3211 Iulianae
665 3147 741 3210 libro
763 3148 892 3210 secundo
913 3148 956 3210 ad
978 3144 1117 3210 Urseium
1139 3144 1281 3209 Ferocem
1317 3145 1486 3231 Stipulatio
1506 3145 1564 3209 hoo

452 3250 544 3315 modo
579 3258 743 3336 concepta:
779 3251 817 3315 ‘si
844 3249 989 3315 heredem
1017 3271 1067 3314 me
1094 3271 1156 3314 non
1184 3247 1303 3331 leceris,
1338 3257 1462 3313 tanturn
1490 3248 1562 3312 dare

364 3407 366 3414 .
453 3353 624 3438 ‘spondaei'
658 3353 781 3418 inutilis
815 3363 877 3432 est,
911 3353 985 3439 quia
1017 3360 1124 3418 contra
1154 3352 1251 3416 bonos
1282 3372 1384 3417 mores
1414 3357 1461 3415 est
1487 3351 1563 3414 hacc

453 3456 626 3541 stipulatio.

345 3617 427 3683 380.
454 3617 626 3700 Ulpianus
647 3617 711 3684 lib.
735 3619 824 3701 sing.
847 3637 924 3700 reg.
940 3620 975 3700 e,
987 3618 1019 3683 2.

495 3739 608 3804 Dotem
642 3739 744 3804 dicere
770 3747 871 3824 potest
898 3740 1011 3804 mulier
1039 3760 1118 3822 quae
1145 3747 1282 3823 nuptura
1308 3743 1355 3802 est
1382 3743 1413 3800 et
1442 3735 1564 3800 debitor

452 3840 601 3916 mulieris,
637 3842 664 3905 si
694 3841 781 3906 iussu
816 3843 882 3906 eius
912 3842 1010 3906 dicat:
1046 3842 1120 3905 item
1156 3829 1267 3926 parens
1295 3839 1435 3904 mulieris
1462 3837 1563 3904 virilis

453 3965 546 4009 sexus
569 3967 624 4030 per
647 3945 770 4010 virilem
791 3967 902 4010 sexum
926 3945 1107 4028 cognatione
1122 3945 1256 4027 iunctus
1281 3944 1367 4008 velut
1382 3949 1472 4028 pater
1487 3961 1563 4005 avus

452 4055 608 4133 paternus.
654 4048 728 4113 dare
752 4049 932 4132 promittere
955 4047 1059 4112 dotem
1083 4069 1189 4112 omnes
1214 4053 1351 4132 possunt.

345 4206 417 4273 aar.
454 4208 659 4291 1.1‚21)ig.
684 4209 1009 4291 saturigratas

499 4327 601 4393 Gaius
635 4328 711 4392 libro
744 4330 872 4392 secundo
906 4351 1072 4392 aureorum
1116 4329 1160 4393 Re
1187 4329 1381 4394 contrahitur
1415 4325 1562 4410 obligatio

453 4431 555 4496 mutui
590 4431 724 4498 datione.
769 4432 870 4495 mutui
905 4440 1011 4497 autem
1044 4432 1129 4496 datio
1157 4432 1297 4496 consistit
1325 4430 1433 4496 iubis
1460 4430 1562 4512 rebus,

348 4538 351 4545 '
454 4556 533 4619 quae
560 4537 695 4620 pondere
723 4557 850 4600 numero
879 4557 1062 4602 mensurare
1090 4543 1242 4616 constant,
1272 4535 1372 4601 veluti
1398 4534 1472 4600 vino
1496 4534 1562 4598 oleo
