3442 5412
847 403 1061 466 *58-

456 579 502 640 ‘eo
526 597 626 662 opere,
651 575 733 660 quod
755 575 788 639 in
812 574 940 637 flumine
963 572 1088 657 publico
1110 571 1217 657 ripave
1240 571 1306 636 eius
1328 573 1391 644 fiet,
1415 571 1447 635 in
1471 593 1569 636 annos

455 679 574 742 ‘decem
608 677 755 742 satisdari
787 676 911 740 iubebo.
957 696 1039 757 eum,
1074 674 1124 738 cui
1156 675 1202 738 ita
1233 695 1296 738 non
1330 675 1498 755 cavebitur,
1533 675 1566 738 in

456 780 691 866 ‘possessionem
714 779 780 844 eius
803 778 859 859 rei,
884 778 971 842 cuius
992 777 1118 841 nomine
1134 784 1170 841 ut
1186 784 1333 841 caveatur
1346 778 1566 862 postulabitur,
1627 831 1637 840 .

456 884 510 948 ‘ire
531 893 572 965 et,
595 905 666 948 cum
681 883 764 946 iusta
780 902 872 946 causa
889 902 954 945 esse
970 880 1137 960 videbitur,
1161 880 1257 944 etiam
1271 879 1427 964 possidere
1442 880 1565 944 iubebo.

441 987 499 1070 '‘in
522 1007 604 1066 eum,
633 979 812 1070 quinoque
839 983 956 1048 caverit
978 1004 1079 1068 neque
1105 983 1139 1046 in
1163 983 1355 1067 possessione
1378 1003 1443 1048 esse
1466 1004 1566 1066 neque
1636 995 1640 1001 “

455 1089 623 1174 ‘possidere
654 1109 764 1174 pessus
796 1089 865 1168 erit,
899 1086 1051 1151 iudicium
1082 1086 1172 1168 dabo,
1206 1095 1243 1151 ut
1269 1094 1393 1152 tantum
1420 1094 1565 1170 praestet,

455 1197 619 1276 ‘quantum
652 1198 809 1276 praestare
837 1211 908 1256 eum
937 1196 1102 1274 oporteret,
1136 1189 1164 1254 si
1190 1189 1228 1253 de
1257 1211 1294 1253 ea
1319 1211 1352 1254 re
1379 1210 1417 1254 ex
1444 1190 1565 1255 decreto

455 1297 534 1360 ‘meo
562 1294 678 1375 eiusvo‚
710 1294 798 1358 cuius
825 1292 863 1357 do
892 1313 930 1358 ea
957 1313 989 1356 re
1015 1291 1189 1356 iurisdictio
1218 1292 1279 1356 fuit
1306 1314 1386 1377 quae
1412 1314 1482 1357 mea
1510 1302 1566 1372 est,

454 1400 592 1461 ‘cautum
625 1397 746 1461 fuisset.
801 1396 868 1460 eius
900 1395 945 1459 rei
978 1394 1119 1474 momine,
1152 1395 1186 1458 in
1219 1396 1307 1461 cuius
1341 1397 1565 1480 possessionem

454 1501 588 1581 ‘misero,
622 1500 649 1564 si
683 1500 721 1564 ab
756 1520 802 1575 eo,
837 1497 891 1582 qui
923 1499 958 1562 in
990 1497 1182 1583 possessione
1217 1499 1284 1580 erit,
1320 1498 1428 1563 damni
1460 1498 1567 1562 insecti

356 1589 357 1592 ¹
454 1603 590 1667 ‘nomine
623 1602 834 1680 satisdebitur,
870 1621 951 1684 eum,
987 1600 1038 1664 oui
1071 1621 1133 1664 uon
1164 1601 1378 1684 satisdabitur,
1413 1600 1506 1666 simul
1532 1601 1566 1666 in

454 1705 657 1792 ‘possessione
680 1725 746 1769 esse
768 1702 903 1769 iubebo’.

346 1807 428 1912 aco.
454 1845 479 1910 1.
498 1845 520 1909 a
543 1863 597 1928 pr.
619 1845 701 1926 urg.
725 1844 767 1911 no
791 1844 917 1910 camno
939 1841 1073 1909 inrecto
1090 1843 1190 1926 aaa

504 1957 660 2043 Ulpianus
697 1957 774 2021 libro
811 1959 1084 2042 quinquepeasc‘mo
1121 1959 1210 2021 tertio
1247 1959 1290 2020 ad
1321 1958 1452 2021 ederem
1499 1959 1566 2022 Hoc

456 2061 590 2146 amplius
612 2062 754 2126 lulianus
775 2081 865 2146 posse
889 2061 952 2124 dici
974 2061 1224 2145 compellendum
1247 2082 1328 2140 eum,
1352 2068 1387 2124 ut
1410 2060 1506 2124 etiam
1529 2060 1568 2124 do

455 2163 623 2248 praeterito
651 2163 764 2227 damno
793 2170 929 2228 caveret:
958 2163 1040 2246 quod
1067 2164 1153 2228 onim
1179 2184 1212 2227 re
1240 2164 1359 2246 integra
1382 2162 1567 2242 custoditur,

453 2267 510 2331 hoo
525 2289 588 2331 non
603 2266 710 2350 inique
727 2266 822 2330 etiam
837 2274 908 2351 post
923 2266 1048 2330 ruinam
1063 2261 1189 2331 aedium
1204 2266 1423 2352 praestabitur.
1446 2265 1568 2348 integra

453 2377 558 2432 autem
587 2390 620 2432 re
646 2368 860 2454 unusquisque
888 2367 1007 2452 cogitur
1029 2376 1084 2433 aut
1111 2368 1149 2433 de
1172 2369 1286 2433 damno
1309 2369 1423 2433 infecto
1448 2390 1567 2445 cavere,

454 2479 508 2534 ant
535 2470 664 2536 aedibus
696 2492 798 2535 carere
831 2492 907 2556 quas
940 2493 1002 2536 non
1032 2471 1180 2535 defendit.
1226 2472 1371 2556 denique,
1398 2472 1511 2556 inquit,
1539 2473 1566 2536 si

453 2574 526 2660 quis
548 2581 675 2659 propter
702 2573 861 2656 angustias
888 2574 1037 2657 temporis
1066 2581 1122 2638 aut
1143 2574 1217 2659 quia
1239 2575 1284 2638 rei
1307 2574 1450 2660 publicae
1473 2595 1568 2638 causa

453 2679 560 2742 aberat
581 2700 643 2743 non
659 2677 797 2762 potuerit
812 2677 920 2742 damni
935 2677 1045 2742 infecti
1060 2678 1217 2762 stipulari,
1240 2699 1304 2743 uon
1319 2678 1426 2762 inique
1442 2685 1566 2762 praeto-

453 2803 520 2846 rem
543 2788 734 2861 curaturum,
757 2789 792 2845 ut
815 2780 960 2844 dominus
983 2781 1167 2846 vitiosarum
1190 2781 1315 2845 aedium
1339 2789 1393 2844 aut
1416 2781 1567 2845 damnum

453 2885 568 2950 sarciat
583 2891 638 2948 aut
650 2884 778 2948 aedibus
791 2892 903 2948 careat.
927 2883 1115 2949 sententiam
1126 2884 1240 2948 Iuliani
1252 2883 1374 2948 utilitas
1386 2885 1568 2969 comprobat

361 3024 434 3090 261.
459 3024 520 3090 l.2
542 3041 596 3107 pr.
619 3023 699 3116 big,
724 3023 767 3089 de
790 3039 900 3103 aquae
921 3023 1016 3105 plur.
1039 3041 1110 3089 arc.
1126 3006 1183 3105 39,
1195 3023 1227 3089 3.

495 3136 617 3200 Paulam
644 3133 720 3197 libro
748 3136 1004 3219 quadrupeneimo
1032 3156 1112 3197 noco
1139 3136 1182 3199 od
1207 3136 1340 3198 edictam
1383 3135 1419 3198 In
1442 3157 1567 3200 summa

453 3239 514 3302 tria
536 3246 619 3318 sunt,
642 3258 797 3322 perquae
816 3237 945 3301 inferior
963 3237 1051 3301 locus
1071 3238 1221 3323 superiori
1241 3239 1346 3319 servit,
1369 3239 1430 3318 lex,
1453 3249 1568 3303 natura

452 3342 522 3421 loci,
550 3347 704 3405 vetustas:
732 3360 812 3423 quae
839 3361 961 3424 semper
988 3361 1043 3426 pro
1066 3341 1132 3424 lege
1154 3341 1296 3424 habetur,
1325 3341 1566 3408 minuendarum

453 3444 574 3508 scilicet
595 3443 700 3507 litium
725 3463 828 3507 causa.

345 3573 422 3637 262.
455 3572 479 3637 l.
495 3572 553 3655 l,l
574 3572 654 3653 urg.
678 3572 721 3638 de
743 3589 853 3653 aquae
875 3572 969 3655 plur.
992 3591 1063 3638 arc.
1079 3573 1136 3654 39,
1150 3573 1181 3638 3.

503 3683 656 3769 Ulpianus
689 3683 768 3746 libro
798 3686 1076 3768 quiaquopmsimo
1108 3687 1196 3748 tertio
1230 3686 1273 3748 od
1305 3687 1436 3749 edictam
1481 3687 1567 3750 Haec

453 3795 559 3852 autem
580 3787 662 3851 actio
677 3787 781 3852 locum
796 3787 890 3851 habet
905 3787 937 3850 in
954 3787 1066 3852 damno
1083 3788 1221 3853 nondum
1239 3787 1330 3870 facto,
1354 3809 1444 3874 opere
1459 3798 1567 3853 tamen

451 3890 517 3954 iam
544 3891 635 3971 facto,
670 3889 728 3953 hoc
757 3896 804 3954 est
830 3889 869 3953 de
896 3910 932 3953 eo
959 3910 1059 3974 opere,
1094 3911 1133 3954 ex
1156 3912 1215 3975 quo
1244 3891 1393 3956 damnum
1421 3892 1565 3955 timetur:

452 3993 627 4077 totiensque
648 3990 752 4056 locum
775 3993 878 4073 habet,
902 3980 1076 4076 quotiens
1099 4015 1207 4058 manu
1228 3995 1331 4059 facto
1350 4016 1458 4080 opere
1479 4017 1565 4079 agro

452 4116 548 4178 aqua
568 4096 741 4159 nocitura
764 4103 835 4176 est,
861 4095 958 4160 idest
973 4117 1044 4160 oum
1061 4097 1129 4181 quis
1144 4095 1241 4162 manu
1256 4098 1372 4180 fecerit,
1397 4120 1457 4182 quo
1474 4099 1567 4164 aliter

452 4198 571 4279 flueret,
606 4219 700 4283 quam
731 4207 845 4263 natura
872 4199 995 4278 soleret,
1029 4199 1056 4263 si
1082 4201 1163 4266 sorte
1186 4201 1385 4266 immittendo
1413 4223 1482 4266 eam
1510 4211 1566 4266 aut

451 4300 603 4364 maiorem
625 4301 734 4365 fecerit
756 4309 812 4366 aut
827 4301 1001 4365 citatiorem
1019 4309 1075 4366 aut
1091 4303 1354 4369 vehementiorem
1370 4312 1424 4369 aut
1439 4304 1466 4369 si
1482 4326 1563 4369 oom-

452 4403 614 4488 primendo
637 4404 811 4468 redundare
834 4404 944 4469 effecit.
979 4404 1111 4489 quodsi
1134 4415 1247 4472 natura
1269 4429 1351 4492 aqua
1370 4416 1503 4490 noceret,
1529 4429 1566 4472 ea

452 4502 579 4584 actione
596 4529 659 4572 non
683 4509 892 4572 continentur.
962 4505 965 4510 ’
1059 4505 1061 4508 ’
