3442 5412
847 429 1061 494 ..12-

428 610 546 668 essent:
561 644 563 649 ι
578 610 609 667 et
637 602 787 687 populum
817 602 950 666 eundem
978 601 1036 665 hoc
1064 608 1202 686 tempore
1230 601 1336 686 putari
1364 601 1419 684 qui
1448 602 1562 666 abhinc

429 713 553 771 centum
578 706 668 770 annis
691 705 833 788 fuissent,
858 727 929 769 cum
952 727 990 769 ex
1012 704 1076 768 illis
1099 725 1190 769 nemo
1214 726 1299 768 nunc
1314 703 1447 770 viveret:
1471 704 1561 769 item-

428 830 489 893 que
512 829 635 889 navem,
658 808 685 872 si
708 807 784 872 adeo
807 828 899 892 saepe
922 808 1037 872 refecta
1059 823 1150 888 esset,
1173 815 1209 870 ut
1227 807 1315 872 nulla
1329 808 1436 872 tabula
1453 807 1560 872 eadem

429 920 634 997 permaneret,
657 933 737 995 qnae
752 932 814 976 non
830 933 913 975 nova
927 911 1045 992 fnisset,
1069 910 1167 974 nihilo
1183 910 1287 974 minus
1303 910 1435 974 eandem
1449 931 1561 976 navem

429 1035 497 1080 esse*
530 1015 713 1080 existimari.
760 1014 841 1099 quod
875 1014 902 1078 si
934 1016 1005 1098 quis
1035 1021 1160 1098 putaret
1189 1015 1331 1098 partibus
1361 1014 1561 1079 commutatis

429 1119 523 1184 aliam
553 1141 618 1182 rem
648 1118 729 1199 fieri,
759 1119 824 1182 lore
852 1125 887 1181 ut
914 1139 951 1181 ex
979 1118 1045 1182 eius
1072 1119 1192 1182 ratione
1220 1138 1275 1182 uos
1302 1117 1359 1202 ipsi
1388 1140 1450 1183 non
1477 1117 1561 1182 idem

428 1243 573 1303 essemus,
598 1221 652 1306 qui
676 1221 788 1284 abhinc
812 1243 892 1302 anno
913 1221 1088 1302 fuissemus
1113 1229 1277 1306 propterea
1293 1220 1385 1305 qnod,
1408 1229 1444 1285 ut
1459 1221 1559 1306 philo·

427 1326 517 1410 sophi
541 1326 688 1403 dicerent,
712 1325 879 1408 exquibus
896 1324 1058 1409 particulis
1074 1323 1214 1388 minimis
1231 1324 1479 1408 consisteremus,
1502 1325 1560 1390 hae

353 1441 355 1446 '
428 1429 556 1494 cottidie
583 1449 621 1492 ex
649 1437 753 1493 nostro
781 1449 907 1512 corpore
934 1428 1118 1492 decederent
1145 1427 1286 1511 aliaeque
1312 1429 1505 1494 extrinsecus
1526 1429 1559 1493 in

428 1554 534 1597 earum
557 1532 661 1596 locum
683 1531 875 1596 accederent.
921 1539 1111 1616 quapropter
1133 1532 1221 1595 cuius
1243 1531 1288 1595 rei
1311 1532 1430 1616 species
1451 1533 1560 1598 eadem

427 1636 618 1716 consisteret,
642 1656 708 1698 rem
732 1656 855 1720 quoque
879 1635 1010 1698 eandem
1033 1655 1100 1700 esse
1124 1635 1323 1699 existimari(

351 1799 405 1866 54.
428 1801 452 1866 1.
468 1799 531 1882 te
553 1799 634 1880 llig.
657 1798 750 1880 qnod
773 1799 903 1865 cuiusc.
927 1799 1080 1867 univers.
1104 1818 1197 1867 nom.
1213 1800 1247 1881 3,
1258 1799 1310 1864 4.-

476 1920 633 2005 Ulpiooue
654 1919 731 1982 libro
753 1921 868 1983 deoiow
890 1921 933 1983 ad
953 1922 1085 1984 edictum
1123 1922 1160 1985 ln
1184 1921 1403 1986 decurionibus
1423 1922 1473 1986 vel
1488 1921 1558 1986 aliis

425 2024 682 2090 universitatibus
716 2023 794 2088 nihil
826 2025 933 2105 refert,
965 2032 1071 2088 utrum
1099 2045 1206 2090 omnes
1233 2025 1317 2089 idem
1343 2032 1492 2089 maneant
1518 2046 1557 2089 an

337 2185 340 2190 .
425 2149 496 2213 pars
523 2135 649 2193 maneat
675 2128 726 2192 vel
753 2148 859 2192 omnes
882 2128 1042 2191 immutati
1064 2128 1136 2192 sint.
1181 2128 1234 2192 sed
1257 2129 1284 2193 si
1306 2129 1494 2193 universitas
1518 2129 1556 2193 ad

425 2253 523 2296 unum
547 2231 636 2311 redit,
660 2231 760 2312 magis
776 2229 954 2296 admittitur
969 2252 1058 2316 posse
1074 2223 1145 2296 enm
1162 2233 1326 2297 convenire
1342 2240 1373 2297 et
1389 2231 1556 2312 conveniri,

425 2357 496 2400 cum
519 2336 567 2399 ius
584 2335 724 2398 omnium
739 2334 772 2398 in
788 2355 887 2399 unum
902 2334 1066 2399 reccidcrit
1082 2343 1117 2399 et
1128 2343 1189 2399 stet
1203 2357 1317 2401 nomen
1332 2335 1555 2402 universitatis.

247 2461 307 2627 t<
350 2453 403 2564 oo.
426 2499 451 2564 r.
467 2497 531 2577 o,1
553 2497 634 2580 urg.
656 2498 700 2565 oo
723 2497 825 2566 uros.
847 2516 919 2566 ro.
935 2497 964 2582 1,
976 2498 1008 2563 e.

467 2619 652 2682 Marcianus
674 2617 750 2682 tetro
774 2621 861 2683 tertio
883 2621 1115 2682 institutionum
1152 2619 1374 2686 Universitatis
1389 2627 1471 2695 sunt,
1494 2640 1556 2685 non

423 2723 616 2805 singulorum
644 2723 741 2789 veluti
770 2744 849 2806 quae
876 2723 908 2786 in
937 2723 1118 2788 civitatibus
1150 2732 1223 2788 sunt
1250 2724 1371 2787 theatra
1398 2730 1429 2788 et
1455 2722 1557 2788 stadia

424 2835 455 2890 et
481 2826 598 2890 similia
623 2832 654 2891 et
680 2826 707 2890 si
730 2847 791 2910 qua
815 2827 878 2890 alia
899 2836 973 2891 sunt
995 2828 1173 2891 communia
1195 2827 1380 2892 civitatium.
1426 2827 1557 2910 ideoque
1597 2883 1602 2892 .

423 2951 480 2994 neo
501 2951 608 2995 servus
625 2930 799 2994 communis
816 2931 953 2994 civitatis
970 2929 1163 3013 singulorum
1178 2952 1232 3014 pro
1248 2923 1337 3015 parte
1353 2930 1555 3013 intellegitur,

423 3033 477 3118 sed
501 3033 715 3098 universitatis
739 3042 769 3097 et
792 3032 861 3098 ideo
885 3041 950 3097 tarn
975 3044 1083 3098 contra
1105 3034 1205 3098 civem
1229 3056 1323 3118 quam
1344 3057 1399 3119 pro
1416 3056 1451 3098 eo
1468 3053 1556 3117 posse

291 3199 295 3206 .
347 3145 351 3150 '
422 3157 548 3201 servum
582 3136 718 3202 civitatis
749 3137 888 3221 torqueri
916 3137 979 3202 divi
1008 3139 1117 3202 fratres
1145 3137 1378 3221 rescripserunt.
1420 3136 1497 3224 ideo
1525 3144 1556 3200 et

422 3240 552 3304 libertus
582 3239 719 3305 civitatis
747 3263 809 3306 non
838 3241 932 3306 habet
959 3262 1084 3306 necesse
1111 3239 1236 3304 veniam
1262 3240 1357 3304 edicti
1383 3248 1498 3325 petere,
1528 3241 1556 3304 si

422 3351 512 3408 vocet
535 3344 568 3406 in
591 3344 641 3408 ius
664 3344 801 3429 aliquem
823 3367 862 3408 ex
885 3345 1013 3410 civibus.
1109 3429 1111 3434 Ι

287 3416 403 3573 libb.
424 3507 448 3572 1.
465 3506 526 3588 7,1
547 3506 627 3588 Ing.
651 3506 744 3589 qnod
766 3508 897 3576 cuinsc.
922 3509 1074 3574 univers.
1097 3526 1190 3575 nom.
1208 3508 1241 3590 3,
1253 3508 1287 3573 4.

445 3653 447 3656 ·
471 3625 627 3711 Ulpianus
649 3627 726 3691 libro
749 3630 863 3693 decimo
884 3632 926 3693 ad
940 3631 1069 3693 edictum
1093 3621 1139 3694 ‘si
1155 3629 1230 3713 quid
1246 3629 1444 3694 universitati
1461 3628 1555 3693 debe-

420 3738 481 3812 tur,
510 3731 642 3815 singulis
669 3754 730 3798 non
754 3733 899 3798 debetur:
928 3754 985 3798 nec
1008 3733 1093 3817 quod
1115 3734 1206 3798 debet
1229 3733 1417 3799 universitas
1439 3732 1555 3816 singuli

421 3834 545 3900 debent.

346 3997 396 4064 tt.
419 3998 584 4081 l.41)ig.
608 4000 651 4065 de
674 4000 756 4096 coll.
779 4002 816 4068 ot
838 4018 933 4084 corp.
949 4001 1063 4084 47,22.

464 4118 565 4183 Gaius
593 4121 669 4184 libro
697 4133 810 4206 quarto
837 4123 880 4185 cd
906 4123 998 4206 lepeoz
1021 4124 1179 4186 duodecim
1202 4122 1381 4186 tubulorum
1426 4121 1554 4187 Sodales

418 4231 501 4306 sunt,
527 4224 582 4306 qui
604 4225 753 4298 eiusdem,
768 4225 890 4308 collegii
912 4236 1000 4290 sunt:
1024 4249 1118 4310 quam
1142 4226 1252 4290 Graeci
1275 4226 1415 4310 ἑταιρείαν
1430 4232 1553 4290 vocant.

418 4325 468 4390 his
502 4335 608 4392 autem
641 4337 829 4413 potestatem
859 4330 934 4394 facit
961 4330 1012 4394 lex
1041 4331 1218 4415 pactionem
1245 4350 1340 4413 qnam
1369 4330 1466 4394 velint
1492 4330 1553 4394 sibi

418 4431 507 4510 ferre,
532 4430 667 4495 dumne
691 4432 766 4516 quid
790 4455 828 4496 ex
851 4433 978 4517 publica
1000 4433 1066 4517 lege
1090 4442 1300 4519 corrumpant.
1338 4434 1391 4498 sed
1411 4434 1488 4498 haec
1502 4433 1554 4498 lex

418 4533 543 4599 videtur
565 4555 603 4598 ex
625 4535 692 4618 lege
716 4535 838 4602 Solonis
861 4537 975 4601 tralata
998 4557 1073 4602 esse.
1111 4559 1185 4602 nam
1208 4537 1284 4602 illuc
1307 4537 1353 4602 ita
1368 4545 1429 4602 est:
1453 4538 1554 4602 ἐὰνδὲ
