3442 5412
671 409 885 474 ..63-

273 578 439 643 traduntur
453 579 612 662 legatario,
636 588 672 645 ut
688 580 754 644 eius
769 581 861 645 fiant:
884 581 937 645 sed
953 584 1127 648 aestimatis
1142 583 1191 648 his
1207 583 1384 663 satisdatur,

271 688 316 762 ut,
340 682 367 746 si
389 682 539 747 morietur
554 691 608 747 aut
624 683 726 769 capite
741 684 911 764 minuetur,
935 693 1024 751 tanta
1043 688 1175 772 pecunia
1192 688 1383 767 restituatur,

272 785 383 868 quanti
405 807 459 850 eae
482 787 598 851 fuerint
619 787 812 852 aestimatae.
837 809 906 872 ergo
929 797 1055 854 senatus
1077 812 1139 854 nou
1162 789 1236 854 seoit
1259 789 1385 875 quidem

272 909 379 952 earum
412 910 516 953 rerum
549 910 640 954 usum
674 891 810 954 fructum
843 891 915 974 (nec
949 893 1033 956 enim
1066 893 1213 978 poterat),
1247 893 1302 959 sed
1330 915 1385 978 per

274 993 450 1058 cautionem
474 993 562 1077 quasi
585 1015 677 1058 usum
700 996 835 1058 fructum
860 996 1031 1060 constituit.

161 1148 239 1213 283.
273 1148 299 1213 l.
315 1148 378 1229 4,1
400 1149 479 1236 Dig.
496 1149 539 1216 de
561 1167 627 1216 usu
650 1152 688 1217 et
709 1150 821 1217 habit.
845 1151 876 1232 l,
888 1153 921 1216 8.
976 1212 977 1217 ,

319 1269 472 1352 Ulpianus
495 1269 572 1334 libro
593 1274 722 1356 septimo
744 1273 858 1336 decim
882 1274 925 1336 ad
939 1271 1094 1337 Sabinum
1137 1273 1262 1338 Mulieri
1278 1280 1383 1338 autem

270 1373 295 1436 si
319 1393 393 1436 usus
415 1373 541 1437 relictus
564 1374 615 1456 sit,
639 1395 730 1459 posse
746 1395 815 1440 eam
832 1383 949 1440 etcum
964 1377 1076 1440 marito
1092 1376 1234 1441 habitare
1251 1377 1383 1453 Quintus

269 1475 390 1541 Mucius
405 1478 525 1561 primus
542 1477 678 1560 admisit,
695 1500 735 1543 ne
751 1479 780 1543 ei
797 1479 996 1544 matrimonio
1014 1480 1181 1545 earendum
1198 1481 1287 1562 foret,
1311 1501 1382 1543 oum

269 1580 316 1643 uti
339 1580 408 1644 vult
431 1581 532 1645 domo.
570 1603 644 1645 nam
672 1582 939 1667 percontrarium
966 1583 1042 1667 quin
1070 1604 1148 1647 uxor
1175 1605 1246 1646 eum
1268 1582 1406 1645 marito,

268 1683 366 1767 possit
399 1683 550 1764 habitare,
586 1706 642 1748 neo
675 1685 737 1750 fuit
770 1685 958 1750 dubitatum.
1004 1685 1080 1769 quid
1115 1706 1185 1768 ergo
1212 1686 1239 1748 si
1269 1685 1382 1748 viduae

268 1787 389 1868 legatus
405 1788 454 1869 sit,
480 1810 519 1851 an
535 1788 655 1874 nuptiis
672 1789 839 1853 contractis
855 1795 925 1872 post
941 1789 1146 1852 constitutum
1162 1809 1255 1852 usum
1269 1788 1382 1851 mulier

268 1889 409 1954 habitare
433 1912 504 1954 oum
526 1893 639 1957 marito
664 1892 782 1976 possit?
816 1900 847 1956 et
870 1899 916 1956 est
938 1912 1056 1972 verum,
1080 1898 1116 1955 ut
1139 1899 1170 1956 et
1193 1892 1381 1976 Pomponius

268 1992 347 2057 libro
376 1993 485 2077 quinto
516 2003 547 2059 et
574 1994 765 2080 Papinianus
797 1994 876 2060 libro
904 2016 986 2059 nono
1015 1994 1135 2059 decimo
1164 1994 1380 2078 quaestionum

266 2096 386 2180 probat,
419 2119 508 2181 posse
541 2120 609 2163 eam
644 2120 715 2162 eum
746 2097 812 2162 viro
840 2106 871 2162 et
898 2105 1005 2183 postea
1031 2099 1201 2162 nubentem
1229 2097 1379 2161 habitare.

268 2198 325 2262 hoo
348 2200 482 2284 amplius
505 2202 695 2286 Pomponius
718 2201 763 2265 ait
786 2208 816 2264 et
840 2223 911 2265 oum
934 2223 1037 2266 socero
1060 2202 1282 2267 habitaturam.

160 2353 237 2418 284.
272 2355 296 2420 l.
312 2353 352 2419 19
376 2356 457 2438 Dig.
474 2358 517 2423 de
540 2376 605 2423 usu
629 2359 665 2425 ot
686 2358 799 2425 habit.
822 2360 852 2441 l,
865 2360 897 2425 8.

310 2475 428 2539 Paulus
462 2477 540 2540 libro
574 2479 661 2540 tertio
693 2479 735 2540 ad
762 2477 920 2542 Vitellium
965 2479 1048 2544 Usus
1081 2498 1153 2562 pars
1186 2478 1283 2562 legari
1316 2499 1379 2542 non

266 2585 382 2663 potest:
409 2602 483 2644 uam
511 2580 572 2644 srui
595 2581 722 2664 quidem
745 2602 799 2664 pro
823 2588 912 2665 parte
938 2601 1113 2666 possumne,
1142 2581 1189 2644 uti
1212 2603 1266 2666 pro
1290 2588 1378 2665 parte

265 2703 328 2745 non
352 2703 524 2766 possumus.

158 2825 234 2891 aaa.
266 2827 290 2892 1.
308 2827 353 2892 so
377 2828 457 2910 urg.
476 2830 519 2897 uo
542 2833 640 2897 veru.
657 2830 777 2912 signif.
800 2830 924 2912 uo,1o.

309 2943 410 3011 Celsus
433 2948 510 3012 libro
532 2952 640 3034 quinto
662 2951 848 3034 dipestorum
891 2949 972 3027 Quid
996 2950 1081 3015 aliud
1096 2957 1170 3014 sunt
1194 2949 1273 3014 ‘iura
1288 2971 1377 3035 prae·

265 3049 397 3115 diorum’
415 3074 509 3136 quam
529 3053 657 3138 praedia
673 3053 944 3138 qualiterqualiter
959 3075 991 3117 se
1006 3053 1169 3116 habentia:
1193 3060 1228 3117 ut
1244 3054 1376 3131 bonitas

265 3153 445 3234 sulubritas,
470 3155 664 3240 amplitudo?

156 3291 235 3357 286.
269 3293 331 3358 1.8
354 3310 407 3374 pr.
424 3292 505 3375 llig.
522 3292 565 3360 do
588 3294 751 3361 servitut.
775 3295 808 3376 8,
819 3293 848 3359 1.

307 3413 430 3476 Paulus
442 3413 519 3476 libro
531 3415 763 3497 quintodecimo
775 3415 818 3477 ad
829 3414 992 3478 Plautium
1013 3414 1058 3478 Ut
1072 3435 1202 3498 pomum
1214 3413 1375 3498 decerpere

263 3516 358 3581 liceat
381 3524 412 3580 et
434 3524 471 3580 ut
493 3517 623 3600 spatiari
646 3525 676 3581 et
700 3525 735 3581 ut
757 3538 867 3581 cenare
889 3516 922 3580 in
939 3515 1039 3580 alieno
1057 3516 1219 3600 possimus,
1243 3515 1375 3580 seruitus

263 3620 382 3704 imponi
406 3641 469 3683 non
490 3627 602 3704 potest.

154 3755 229 3822 287.
262 3756 449 3838 l.281)ig.
473 3757 516 3822 de
539 3757 702 3823 servitut.
725 3757 838 3840 praet.
861 3759 984 3822 urban.
1008 3756 1041 3838 8,
1054 3756 1084 3822 2.

306 3876 527 3941 Paulusllhro
551 3877 795 3961 quintodecimo
819 3875 1036 3941 auscitanam
1078 3877 1229 3940 Foramen
1256 3875 1289 3938 in
1312 3876 1374 3939 imo

263 3980 381 4066 pariete
404 3980 559 4045 oonolavis
582 3981 632 4044 vel
654 3980 792 4062 triclinii,
818 3980 900 4065 quod
924 3987 1003 4045 esset
1025 3980 1188 4065 proluendi
1202 3978 1375 4064 pavimenti

265 4105 368 4162 eausa,
396 4083 428 4147 id
456 4104 557 4166 neque
584 4084 701 4148 flumen
729 4105 794 4148 esse
817 4105 917 4168 neque
940 4091 1080 4168 tempore
1102 4083 1224 4167 adquiri
1246 4082 1373 4167 placuit.

262 4186 320 4250 hoo
347 4186 393 4250 ita
419 4208 527 4252 verum
555 4195 612 4266 est,
646 4187 672 4250 si
705 4187 739 4250 in
767 4209 839 4252 eum
866 4187 969 4252 looum
996 4186 1075 4251 nihil
1102 4208 1140 4250 ex
1168 4188 1251 4254 eaelo
1275 4210 1374 4273 aquae

263 4291 370 4355 veniat
392 4291 507 4373 (neque
531 4291 615 4354 enim
637 4299 821 4376 perpetuam
845 4312 971 4355 oausam
987 4291 1081 4354 habet
1098 4290 1181 4374 quod
1197 4313 1293 4356 mauu
1308 4292 1372 4375 fit):

264 4402 296 4457 at
318 4394 401 4478 quod
424 4416 462 4459 ex
479 4395 562 4458 caelo
579 4394 673 4474 eadit,
698 4395 756 4459 etsi
770 4417 833 4459 non
849 4395 978 4458 adsidue
994 4396 1038 4474 fit,
1062 4415 1100 4458 ex
1116 4394 1252 4457 naturali
1267 4401 1372 4459 tamen

264 4518 356 4562 eausa
381 4499 416 4561 iit
439 4505 471 4562 et
492 4498 561 4562 ideo
585 4506 734 4583 perpetuo
756 4499 822 4562 fieri
846 4497 1051 4562 existimatur.
1097 4518 1223 4561 omnes
1250 4507 1373 4563 autem
