3442 5412
558 415 560 420 “
662 408 874 470 -11—

247 599 347 642 suurn.
393 577 449 642 sed
473 579 549 642 mihi
572 577 707 660 videtur,
734 579 817 662 quod
841 587 871 643 et
894 577 1042 644 Scaevola
1065 579 1189 664 probat·
1210 578 1238 642 si
1260 586 1380 644 constet

167 721 169 725 ι
248 681 396 745 maritum
428 681 622 764 aliquamdiu
655 703 725 745 cum
757 703 852 746 uxore
879 703 942 746 non
970 681 1172 746 concubuisse
1198 681 1379 746 infirmitate

246 783 475 848 interveniente
496 785 547 848 vel
569 784 632 848 alia
655 806 758 865 causa,
783 785 831 848 vel
851 784 879 848 si
894 805 931 848 ea
946 783 1126 849 valetudine
1142 784 1379 868 paterfamilias

246 887 306 950 fuit
328 896 364 951 ut
386 908 533 970 generare
555 909 618 952 non
641 887 749 973 possit,
771 888 864 966 hunc,
889 887 943 972 qui
962 888 993 950 in
1012 888 1103 951 domo
1119 895 1212 952 natus
1228 894 1284 967 est,
1306 887 1380 951 licet

248 990 358 1054 vicinis
380 991 560 1073 scientibus
584 991 685 1055 lilium
708 1013 771 1056 non
795 1012 871 1056 esse.

168 1155 225 1222 to.
248 1157 274 1222 l.
290 1156 323 1237 3,
335 1154 451 1220 11-12
474 1155 555 1236 lug.
579 1154 622 1223 do
645 1156 719 1222 suis
742 1156 779 1221 et
799 1155 869 1237 leg.
893 1154 1014 1222 bened.
1031 1155 1086 1237 38,
1098 1156 1150 1221 16.

296 1275 452 1360 Ulpianus
472 1274 549 1338 libro
572 1287 683 1360 quarto
698 1277 812 1340 dommo
827 1277 870 1339 od
883 1273 1038 1340 Sabinam
1081 1278 1155 1341 Post
1171 1276 1276 1340 decern
1292 1298 1378 1342 men·

247 1401 295 1444 ses
327 1380 436 1443 mortis
469 1385 562 1442 natus
595 1401 655 1444 non
685 1380 869 1444 admittetur
896 1380 936 1443 ad
963 1379 1136 1462 legitimam
1162 1380 1377 1444 hereditatem.

246 1483 292 1546 De
320 1504 354 1546 eo
383 1488 498 1561 autem,
528 1482 583 1566 qui
610 1483 799 1547 centensimo
824 1483 1031 1566 octogensimo
1055 1483 1189 1549 secundo
1213 1483 1263 1548 die
1285 1490 1378 1549 natus

247 1595 303 1666 est,
332 1586 538 1670 Hippocrates
565 1585 689 1671 scripsit
716 1594 747 1650 et
774 1586 865 1652 divus
893 1587 967 1651 Pius
994 1587 1192 1671 pontificibus
1219 1587 1378 1671 rescripsit

247 1690 328 1752 iusto
344 1696 483 1772 tempore
498 1688 598 1752 videri
613 1697 732 1770 natum,
749 1710 806 1754 neo
821 1689 920 1752 videri
936 1691 968 1753 in
984 1690 1166 1754 servitutem
1183 1697 1376 1775 conceptum,

247 1814 317 1857 cum
345 1802 446 1856 mater
474 1791 572 1876 ipsius
595 1800 668 1858 aute
691 1793 917 1857 centensimum
941 1793 1184 1875 octogensimum
1207 1792 1378 1858 secundum

246 1894 329 1959 diem
353 1903 432 1960 esset
455 1895 655 1959 manumissa.

69 1985 133 2127 β
178 2076 227 2143 51.
251 2078 274 2143 l.
289 2076 347 2159 l‚l
369 2077 449 2158 llig.
474 2077 566 2158 quod
589 2077 718 2144 ouiuso.
741 2077 896 2145 univers.
919 2096 1011 2144 nom.
1028 2079 1061 2160 3,
1073 2081 1104 2144 4.

292 2195 394 2262 Gaios
417 2197 493 2265 libro
516 2199 603 2260 tertio
626 2198 668 2260 od
682 2197 813 2261 edictum
823 2198 1017 2280 provinciale
1054 2198 1171 2276 Quibus
1187 2207 1292 2262 autem
1306 2219 1377 2282 por-

247 2301 378 2364 missum
394 2308 441 2364 est
456 2320 566 2384 corpus
582 2300 695 2364 habere
708 2300 830 2383 collegii
841 2301 999 2365 societatis
1011 2301 1077 2365 sive
1090 2300 1238 2384 cuiusque
1251 2300 1377 2364 alterius

246 2425 351 2468 eorum
376 2403 511 2484 nomine,
535 2403 696 2487 proprium
719 2411 765 2467 est
789 2403 826 2466 ad
851 2403 1029 2488 exemplum
1046 2404 1090 2468 rei
1105 2403 1248 2488 publicas
1263 2404 1377 2468 habere

245 2527 293 2570 res
322 2527 512 2586 communes,
540 2527 645 2595 arcam
674 2527 872 2570 communem
899 2512 930 2570 et
958 2515 1093 2576 actorem
1116 2507 1182 2571 sive
1204 2506 1378 2590 syndicum,

246 2630 300 2693 per
323 2629 415 2693 quem
437 2595 600 2690 tamquam
623 2609 656 2672 in
678 2631 711 2672 re
734 2609 868 2693 publica,
894 2609 975 2691 quod
1000 2609 1206 2674 communiter
1228 2609 1277 2692 agi
1296 2611 1378 2673 fieri-

246 2732 306 2794 que
329 2718 478 2796 oporteat,
503 2718 613 2794 agatur
635 2711 699 2774 fiat.

62 2837 224 2940 faa
246 2875 272 2940 1.
287 2875 329 2940 aa
351 2875 432 2956 mg.
456 2874 499 2942 oo
521 2875 676 2942 rueruss.
691 2875 750 2958 re,
762 2875 790 2940 1.

291 2993 325 3058 F
324 2995 492 3058 lorentiano
509 2995 585 3057 labro
602 3005 704 3058 octavo
719 2997 949 3059 institutionum
978 2996 1099 3060 Mortuo
1111 3016 1162 3059 reo
1176 2977 1378 3081 promittendi

248 3105 278 3162 et
300 3106 374 3176 ante
397 3097 516 3161 aditam
538 3098 743 3162 hereditatem
767 3098 930 3162 fideiussor
952 3098 1050 3183 accipi
1066 3106 1178 3184 potest,
1202 3098 1275 3183 quia
1290 3098 1377 3162 here-

246 3201 328 3265 ditas
355 3222 504 3285 personae
528 3202 594 3266 vice
621 3202 771 3284 fungitur,
799 3202 890 3268 sicuti
917 3202 1123 3286 municipium
1147 3209 1178 3265 et
1200 3201 1326 3265 decuria
1348 3207 1379 3264 et

245 3303 386 3368 societas.
1040 3315 1050 3320 ·’

170 3467 223 3533 53.
246 3467 272 3532 l.
288 3468 330 3533 76
353 3467 434 3549 llig.
457 3467 500 3535 de
523 3467 665 3536 indiciis
681 3467 753 3550 b‚l.

288 3589 423 3672 Affectus
451 3588 528 3652 libro
550 3599 629 3652 reato
652 3590 838 3672 dipestoruua
881 3591 1116 3675 Proponebatur
1138 3611 1176 3654 en
1198 3589 1247 3654 his
1268 3588 1378 3652 iudici·

247 3693 314 3774 bus‚
344 3692 398 3776 qui
427 3692 458 3755 in
488 3693 619 3756 eandem
645 3714 710 3756 rem
737 3693 802 3756 dati
825 3701 937 3775 essent,
966 3693 1131 3757 nonnullos
1155 3713 1248 3757 causa
1271 3692 1379 3756 audita

248 3803 410 3860 excusatos
433 3816 499 3860 esse
522 3796 617 3880 inque
640 3817 747 3860 eorum
770 3797 873 3860 locum
889 3797 966 3860 alios
983 3818 1048 3861 esse
1063 3805 1213 3880 sumptos
1237 3803 1268 3860 et
1283 3817 1378 3879 quae·

246 3899 381 3976 rebatur,
416 3899 610 3980 singulorum
643 3900 782 3963 iudicum
814 3882 946 3964 mutatio
975 3900 1105 3964 eandem
1132 3921 1198 3963 rem
1225 3921 1265 3962 an
1292 3898 1378 3963 aliud

245 4001 397 4065 iudicium
421 4003 552 4066 iecisset.
599 4002 753 4087 respondi,
782 4023 844 4066 non
866 4004 958 4069 modo
981 4003 1008 4069 si
1031 4024 1112 4067 unus
1136 4009 1190 4067 aut
1214 4003 1302 4082 alter,
1325 4003 1378 4068 sed

247 4110 278 4166 et
305 4103 332 4168 si
359 4125 467 4168 omnes
493 4104 613 4169 indices
639 4105 754 4168 mutati
781 4115 892 4188 esseut,
921 4114 1027 4172 tamen
1052 4113 1084 4170 et
1105 4127 1171 4170 rem
1194 4106 1325 4171 eandem
1348 4113 1379 4170 et

246 4205 398 4271 iudicium
425 4208 509 4272 idem
537 4209 620 4293 quod
648 4218 740 4272 antea
767 4209 877 4273 suisset
907 4230 1101 4294 permanere:
1134 4230 1234 4294 neque
1261 4209 1295 4272 in
1321 4209 1378 4273 hoe

247 4308 348 4373 solum
372 4311 505 4392 evenire,
534 4319 569 4375 ut
594 4311 733 4396 partibus
757 4313 956 4376 commutatis
980 4312 1088 4376 eadem
1110 4333 1158 4377 res
1182 4333 1246 4377 esse
1270 4313 1377 4377 existi-

245 4420 392 4492 maretur,
409 4414 463 4477 sed
480 4414 557 4477 etin
574 4413 683 4478 multis
701 4415 809 4478 ceteris
825 4415 930 4478 rebus:
951 4437 1025 4478 narn
1039 4422 1069 4478 et
1082 4415 1235 4497 legionem
1247 4414 1378 4478 eandem

245 4513 364 4598 haberi,
389 4537 427 4580 ex
445 4538 508 4600 qua
523 4515 615 4580 multi
632 4517 845 4598 decessissent,
862 4538 992 4601 quorum
1010 4517 1042 4581 in
1058 4517 1161 4582 locum
1177 4517 1232 4581 alii
1247 4516 1379 4581 subiecti
