3442 5412
668 467 703 478 ..
754 428 794 494 81
840 467 884 480 η,

275 599 430 663 frumento
466 599 598 684 pecnnia
630 608 803 682 numerata,
829 609 915 686 'quas
949 622 998 665 res
1031 602 1065 665 in
1099 602 1156 666 hoo
1189 601 1314 685 damna,
1350 612 1385 667 11

273 702 351 766 fiant
383 701 573 786 accipientis,
608 710 714 786 postea
745 703 823 768 alias
854 704 1008 789 recepturi
1036 703 1176 770 eiusdem
1203 705 1323 788 generis
1354 713 1385 770 11

276 803 447 888 qualitatis.

165 959 242 1024 382.
272 960 297 1025 1.
313 959 376 1042 2,2
397 961 479 1043 lug.
502 959 546 1027 de
568 962 644 1027 reb.
669 960 762 1027 cred.
779 960 830 1040 12,
841 960 870 1028 1.

317 1080 437 1144 Poulaas
468 1079 545 1144 libro
575 1083 736 1144 vicmasimo
766 1092 870 1146 octavo
896 1085 939 1147 ad
965 1085 1097 1148 edictum
1141 1084 1309 1170 Appellato
1339 1092 1386 1149 111

274 1190 379 1248 autem
405 1183 507 1249 mutui
535 1185 620 1248 datio
648 1184 686 1248 ab
715 1206 760 1263 eo,
789 1185 871 1269 quod
899 1185 937 1250 de
963 1208 1033 1251 meo
1056 1194 1146 1250 tuum
1168 1187 1217 1250 fit:
1252 1194 1283 1251 et
1304 1186 1384 1268 ideo,

273 1287 300 1352 si
322 1309 386 1352 non
407 1288 462 1351 fiat
486 1296 587 1370 tunm,
610 1311 672 1353 non
695 1288 835 1351 nascitur
857 1289 1014 1372 obligatio.

163 1440 243 1506 383.
272 1440 329 1506 l.l
351 1460 405 1524 pr.
429 1441 509 1524 lug.
534 1441 576 1508 do
599 1441 634 1510 S.
652 1441 945 1524 (1111111116.

326 1559 479 1647 Ulpianus
502 1563 579 1626 libro
600 1566 761 1627 vicensimo
783 1585 864 1626 nono
887 1565 929 1627 od
951 1565 1082 1627 edictam
1126 1563 1230 1626 Verba
1259 1569 1386 1627 sanatus

273 1664 407 1731 consulti
429 1665 646 1731 Macedoniani
672 1667 748 1732 haec
775 1674 862 1731 sunt:
891 1667 979 1730 ‘Cum
1006 1667 1087 1730 inter
1114 1674 1231 1730 ceteras
1261 1666 1385 1730 sceleris

168 1771 171 1776 '
274 1772 393 1832 ‘causas
416 1767 554 1849 Macedo,
589 1789 666 1854 quas
700 1769 748 1833 illi
780 1777 894 1833 natura
927 1769 1176 1848 administrabat,
1212 1768 1307 1832 etiam
1333 1789 1385 1832 aes

275 1869 422 1934 ‘alienum
445 1870 648 1952 adhibuisset,
672 1880 702 1936 11
722 1893 815 1956 saepe
827 1871 1000 1963 materiam
1017 1871 1165 1956 peccandi
1180 1873 1273 1936 malis
1288 1871 1385 1935 mori-

274 1971 341 2036 ‘bus
369 1981 548 2056 praestaret,
584 1974 638 2057 qui
668 1975 844 2059 pecuniam,
878 1997 917 2040 ne
951 1975 1026 2058 quid
1061 1975 1197 2059 amplius
1231 1975 1385 2040 diceretur

274 2075 412 2141 ‘incertis
431 2077 612 2142 nominibus
632 2079 782 2142 crederet:
805 2078 935 2162 placere,
956 2100 995 2143 ne
1015 2077 1074 2160 oui,
1099 2079 1152 2162 qui
1167 2079 1231 2142 filio
1247 2077 1384 2142 familias

273 2180 427 2243 ‘mutuam
446 2181 611 2265 pecuniam
633 2181 779 2261 dedisset,
803 2181 897 2246 etiam
919 2188 987 2266 post
1005 2190 1137 2245 mortem
1153 2181 1291 2266 parentis
1307 2181 1383 2262 eius,

272 2282 371 2346 ‘cuins
392 2282 425 2346 in
445 2290 599 2369 potestate
619 2286 736 2366 fnisset,
759 2284 839 2348 actio
861 2284 1032 2369 petitioque
1050 2283 1186 2364 daretur,
1209 2292 1244 2348 ut
1259 2284 1383 2363 scirent,

273 2383 337 2468 ‘qui
360 2385 492 2470 pessimo
516 2387 659 2470 exemplo
681 2388 885 2467 foenerarent,
914 2387 1032 2451 nullius
1060 2408 1146 2470 posse
1168 2387 1225 2450 filii
1247 2386 1384 2450 familias

274 2486 400 2551 ‘bonum
422 2509 537 2552 nomen
560 2497 742 2574 exspectata
765 2490 862 2574 patris
886 2498 985 2554 morte
1007 2487 1094 2553 fieri?

164 2637 240 2704 384.
274 2639 299 2704 1.
315 2638 378 2721 9,1
401 2641 481 2723 lug.
506 2641 547 2708 de
572 2640 606 2709 S.
624 2641 659 2708 C.
676 2642 804 2709 llaced.
820 2641 871 2725 11,
885 2643 918 2708 8.

322 2759 475 2844 Ulpianus
509 2761 586 2825 libro
618 2764 780 2825 uicensimo
813 2783 894 2825 acac
928 2763 971 2824 acl
1003 2763 1135 2826 edictam
1182 2762 1215 2827 Si
1249 2764 1287 2827 ab
1323 2763 1384 2826 alio

273 2862 421 2928 donatam
440 2864 501 2928 sibi
520 2865 683 2950 pecuniam
704 2865 787 2929 iilius
803 2865 948 2929 creditori
963 2866 1099 2944 solverit,
1121 2887 1160 2928 an
1177 2872 1266 2950 pater
1281 2863 1384 2929 vindi-

273 2987 341 3032 care
366 2967 414 3031 111
436 2975 574 3052 11111111
597 2968 715 3052 possit?
739 2969 1008 3045 1111111111111,
1031 2969 1057 3032 11
1081 2968 1208 3051 quidem
1230 2968 1288 3032 hac
1311 2989 1384 3032 con·

273 3069 395 3133 dicione
423 3069 453 3134 ei
479 3070 594 3136 donata
620 3071 661 3135 sit
690 3071 835 3156 pecunia,
870 3081 906 3135 11
933 3071 1077 3135 creditori
1106 3071 1217 3152 solvat,
1245 3069 1344 3134 videri
1367 3092 1385 3133 a

273 3171 422 3238 donatore
448 3175 619 3259 prolectam
647 3175 787 3258 protinus
814 3175 853 3238 ad
881 3175 1065 3239 creditorem
1093 3182 1123 3238 et
1149 3174 1217 3238 fieri
1239 3194 1384 3238 nummos

273 3276 468 3360 accipientis:
493 3278 520 3341 si
540 3299 613 3342 1111
634 3277 819 3362 simpliciter
834 3277 862 3342 ei
878 3277 1016 3359 donavit,
1042 3277 1261 3341 alienationem
1278 3299 1383 3342 eorum

271 3379 372 3443 filium
398 3401 460 3444 non
487 3381 632 3445 habuisse
660 3388 691 3444 et
718 3380 797 3463 ideo,
825 3381 853 3445 si
880 3381 1016 3463 solverit,
1049 3381 1276 3446 condictionem
1302 3381 1384 3464 patri

273 3503 312 3546 ex
336 3485 421 3547 omni
444 3491 556 3548 eventu
580 3492 763 3569 competere.

165 3617 241 3686 385.
274 3618 374 3684 Ρ111.
398 3616 494 3686 8111.
517 3621 556 3684 11
579 3619 631 3701 14,
644 3620 676 3684 3.

315 3741 501 3806 Traiecticia
527 3741 660 3826 pecunia
687 3748 811 3826 propter
837 3741 1011 3826 perieulum
1035 3741 1205 3821 creditoris,
1234 3740 1384 3824 quamdiu

273 3846 402 3925 navigat
424 3845 521 3928 navis,
545 3845 683 3909 infinitas
706 3865 817 3910 usuras
840 3844 976 3928 recipere
999 3852 1110 3930 potest.

164 3999 244 4066 386.
275 4017 305 4066 1.
320 3999 407 4082 2112
430 3997 514 4065 Cod.
538 3998 580 4063 de
602 3999 722 4064 usuris
736 3997 770 4080 4,
784 3998 837 4064 33.

317 4120 398 4206 Imp.
422 4120 618 4184 lucinianus
640 4119 681 4182 A.
699 4119 808 4183 Menoe
827 4141 881 4204 pp.
906 4119 952 4204 (a.
968 4115 1053 4203 528)
1090 4117 1225 4203 Ideoque
1240 4117 1384 4181 iubemus

272 4224 447 4288 illustribus
478 4223 604 4309 quidem
631 4224 769 4307 personis
796 4222 862 4287 sive
889 4243 941 4286 eas
968 4222 1226 4307 praecedentibus
1254 4221 1385 4285 minime

274 4327 366 4392 licere
388 4328 471 4393 ultra
492 4327 617 4392 tertiam
641 4335 763 4411 partem
786 4327 974 4391 centesimae
996 4347 1159 4390 usurarum
1180 4327 1213 4390 in
1235 4347 1383 4410 quocum-

274 4452 334 4516 que
368 4438 529 4496 oontractu
561 4430 618 4495 vili
651 4430 701 4496 111
735 4431 874 4496 maximo
906 4429 1063 4515 stipulari:
1101 4430 1171 4494 illos
1208 4450 1292 4509 vero,
1331 4427 1384 4511 qui

274 4535 449 4618 ergasteriis
469 4543 619 4620 praesunt
637 4534 687 4598 vel
708 4535 846 4620 aliquam
866 4534 984 4598 licitam
1005 4533 1247 4616 negotiationem
1264 4537 1384 4614 gerunt,
