3442 5412
847 451 890 466 ..
934 417 976 481 35
1019 451 1061 464 ...

361 587 433 654 rsa.
455 588 479 654 ι.
495 587 561 670 aa
583 587 664 670 ιιι.
687 586 730 654 ιι
753 586 786 653 o.
810 606 856 652 ιιι.
879 585 956 655 ιιιι.
972 586 1028 669 44,
1039 585 1072 652 4.

504 725 657 810 Ulpianus
685 725 761 790 libro
787 728 1027 812 saptuapausimo
1054 737 1134 789 sacto
1160 727 1203 788 ad
1229 727 1363 791 calistum
1406 728 1502 793 Plane
1525 750 1564 792 ιι

454 846 586 915 persona
619 829 695 909 eius,
737 829 792 914 qui
826 829 1040 914 exceptionem
1077 829 1182 912 obicit,
1219 829 1252 894 in
1290 851 1356 894 rem
1398 831 1565 916 opponitur

454 934 608 1018 exceptio:
632 953 733 1016 neque
756 933 839 997 enim
855 933 1024 1018 quaeritur,
1049 932 1196 998 adversus
1217 954 1310 1017 quem
1326 935 1508 999 commissus
1523 935 1564 999 sit

456 1021 554 1116 dolus,
576 1036 630 1100 sed
653 1058 692 1100 an
715 1035 748 1100 in
771 1057 808 1100 ea
829 1056 862 1100 re
885 1036 956 1100 dolo
978 1036 1061 1100 malo
1084 1037 1202 1100 factum
1225 1036 1266 1100 sit
1288 1059 1307 1100 a
1328 1044 1417 1121 parte
1440 1037 1563 1102 actoris.

360 1244 435 1311 163.
458 1246 481 1313 l.
497 1244 530 1326 4,
542 1244 585 1310 33
607 1244 688 1326 urg.
712 1242 755 1311 (le
778 1243 811 1310 6.
834 1263 881 1310 ιιι.
904 1261 981 1310 ιιι.
996 1242 1051 1325 44,
1061 1243 1095 1308 4.

426 1375 429 1380 ’
503 1379 657 1464 Ulpianus
678 1379 755 1443 libra
773 1382 1015 1464 eaptuapanoiino
1033 1391 1113 1444 reato
1132 1381 1176 1442 acl
1189 1381 1318 1444 edumas
1354 1381 1456 1446 Metus
1472 1403 1564 1446 causa

455 1484 669 1570 exceptionem
682 1483 804 1548 Cassius
819 1503 882 1548 non
896 1490 1099 1568 proposuerat
1114 1489 1278 1549 contentus
1294 1483 1358 1548 doli
1373 1484 1562 1570 exceptione,

454 1608 533 1671 quae
566 1595 613 1651 est
645 1586 811 1669 generalis:
845 1585 900 1651 sed
932 1585 1042 1650 utilius
1075 1586 1178 1651 visum
1210 1594 1257 1652 est
1289 1586 1385 1650 etiam
1412 1587 1453 1652 de.
1477 1596 1563 1652 metu

454 1710 608 1775 opponere
631 1689 855 1774 exceptionem.
899 1688 1017 1753 etenim
1037 1688 1133 1753 distat
1154 1688 1273 1772 aliquid
1293 1689 1358 1754 doli
1374 1689 1563 1774 exceptione,

454 1792 535 1876 quod
557 1791 697 1876 exceptio
719 1791 781 1857 doli
801 1785 966 1877 personam
985 1792 1203 1877 complectitur
1218 1793 1295 1871 eius,
1319 1793 1374 1876 qui
1389 1793 1459 1857 dolo
1474 1793 1562 1858 fecit:

454 1894 611 1960 enimvero
639 1901 741 1959 metus
769 1915 863 1959 causa
889 1895 1028 1980 exceptio
1056 1895 1089 1958 in
1117 1917 1182 1958 rem
1205 1896 1321 1979 scripta
1344 1902 1391 1959 est
1413 1895 1503 1959 ‘siin
1526 1917 1563 1960 ea

453 2019 486 2063 re
508 1998 588 2062 nihil
610 2007 712 2062 metus
738 2018 831 2062 causa
853 1998 972 2062 lactum
994 1995 1062 2077 est’,
1090 2007 1209 2072 utnon
1232 1999 1444 2083 inspiciamus,
1473 2020 1513 2062 an
1535 1999 1562 2062 is

454 2100 508 2185 qui
534 2101 599 2183 agit
625 2107 728 2164 metus
755 2120 848 2164 causa
875 2099 949 2164 fecit
979 2100 1107 2185 aliquid,
1141 2100 1195 2164 sed
1228 2122 1267 2164 an
1301 2099 1427 2165 omnino
1461 2107 1563 2165 metus

454 2226 547 2269 cansa
568 2205 686 2267 factum
710 2203 811 2267 estin
835 2203 893 2266 hac
918 2223 986 2266 rea
1010 2223 1256 2287 quocumque,
1280 2225 1342 2268 non
1373 2210 1498 2267 tantum
1523 2203 1562 2266 ab

454 2330 489 2372 ιο
513 2307 567 2391 qui
590 2304 662 2390 agit.
708 2313 739 2370 et
761 2305 906 2389 quamvis
929 2305 967 2370 de
990 2305 1059 2371 dolo
1083 2305 1218 2370 auctoris
1241 2305 1381 2390 exceptio
1404 2327 1466 2370 non
1494 2307 1561 2370 obi-

454 2407 563 2490 ciatur,
593 2416 806 2474 verumtamen
834 2409 891 2472 hoc
917 2408 985 2472 iure
1012 2408 1138 2486 utimur,
1166 2416 1202 2472 ut
1228 2408 1266 2473 de
1293 2415 1378 2472 metu
1406 2430 1468 2473 non
1491 2415 1562 2472 tan-

454 2522 523 2604 tum
546 2513 584 2576 ab
608 2519 744 2592 auctore,
767 2532 876 2575 verum
899 2534 918 2574 a
940 2531 1135 2595 quocumque
1163 2510 1302 2576 adhibito
1326 2511 1466 2597 exceptio
1482 2511 1562 2575 obici

453 2617 561 2702 possit.
799 2611 800 2618 ἵ

361 2795 481 2903 rear.
497 2797 562 2872 as
584 2797 665 2879 urg.
688 2797 732 2864 ιιι
755 2797 788 2863 ιι.
810 2816 856 2863 ιιι.
880 2813 957 2863 ιιι.
972 2748 1095 2879 ιιι.

504 2931 657 3020 Ulpianus
673 2934 749 2998 libro
764 2937 1006 3018 saptaapaneinco
1021 2944 1105 2996 cauto
1120 2933 1163 2996 ad
1176 2933 1309 2996 edictum
1330 2933 1368 2998 Et
1380 2933 1563 3017 generaliter·

453 3037 613 3102 sciendum
641 3044 688 3101 est
714 3058 753 3101 ιι
779 3036 923 3101 omnibns
948 3036 981 3100 in
1004 3036 1122 3100 factum
1145 3036 1380 3121 exceptionibus
1403 3036 1467 3100 doli
1489 3035 1582 3100 oriri

454 3139 678 3225 exceptionem,
713 3139 787 3222 qnia
817 3139 886 3203 dolo
914 3139 999 3220 lacit,
1034 3138 1222 3223 quicumque
1250 3138 1292 3220 id,
1326 3138 1410 3222 quod
1438 3158 1563 3223 quaqua

454 3243 634 3328 exceptione
665 3241 740 3306 elidi
770 3248 883 3326 potest,
915 3241 1008 3324 petit,
1041 3263 1116 3305 nam
1146 3248 1177 3304 ct
1203 3242 1231 3306 si
1258 3243 1340 3306 iuter
1366 3241 1457 3305 initia
1483 3240 1562 3304 nihil

454 3344 524 3408 dolo
552 3344 634 3408 malo
661 3343 747 3424 lacit,
775 3350 914 3407 attamen
942 3365 1025 3408 nunc
1052 3343 1186 3428 petendo
1209 3343 1284 3410 facit
1308 3343 1423 3424 doloso,
1451 3342 1562 3407 nisisi

453 3446 525 3509 talis
547 3447 589 3510 sit
610 3445 786 3528 ignorantia
807 3445 840 3509 iu
863 3465 908 3527 eo,
932 3453 968 3509 ut
991 3445 1061 3510 dolo
1084 3454 1196 3512 careat.

361 3638 434 3704 166.
456 3638 535 3704 tle
557 3638 637 3720 urg.
661 3638 703 3706 do
726 3638 759 3704 6.
783 3658 829 3704 m.
852 3656 929 3705 exc.
945 3638 1001 3722 44,
1012 3640 1046 3706 4.

496 3776 695 3860 Papinianus
722 3775 797 3839 libro
825 3777 911 3839 tertio
938 3779 1148 3861 quaestionum
1192 3777 1251 3854 Qui
1273 3775 1432 3859 nequitate
1455 3776 1562 3840 deleu-

453 3878 549 3943 sionis
576 3878 743 3960 infringere
770 3878 925 3944 actionem
951 3887 1063 3964 potest,
1092 3879 1155 3943 doli
1183 3880 1374 3964 exceptione
1390 3885 1477 3942 tutus
1504 3887 1561 3942 est.

357 4069 433 4134 166.
455 4067 556 4150 tul
579 4068 661 4149 urg.
684 4068 727 4134 de
750 4085 827 4134 exc.
843 4066 898 4150 44,
910 4067 937 4132 1.

504 4203 659 4289 Ulpianus
676 4205 754 4268 liluo
774 4215 887 4289 quauta
908 4206 951 4268 ad
964 4205 1095 4267 adiuuat
1138 4204 1366 4290 Replicationes
1381 4203 1460 4268 nihil
1476 4203 1563 4266 aliud

453 4320 527 4372 suut
542 4329 637 4392 quam
653 4307 860 4392 exceptiones,
876 4314 907 4372 et
922 4330 941 4370 a
957 4315 1043 4392 parte
1056 4307 1168 4371 actoris
1180 4306 1324 4372 veniunt:
1342 4327 1421 4390 quae
1434 4305 1562 4390 quidem

453 4411 522 4476 ideo
545 4410 738 4476 necessariae
761 4417 843 4492 sunt,
866 4420 902 4474 ut
924 4410 1121 4495 exceptiones
1136 4409 1316 4474 excludant:
1340 4429 1462 4494 semper
1478 4408 1562 4472 enim

455 4513 615 4599 replicatio
638 4513 752 4579 idcirco
777 4512 918 4593 obicitur,
943 4521 977 4577 nt
1000 4512 1213 4598 exceptionem
1237 4513 1414 4600 oppugnet
