3442 5412
667 439 873 505 -7q...

168 648 172 654 ·
274 631 312 674 ex
336 631 373 673 ea
395 632 427 674 re
449 618 590 675 secutum
613 611 715 685 luerit,
740 618 770 675 te
793 620 949 695 sequetur,
973 613 1093 676 lucrum
1117 633 1190 678 vero
1207 612 1381 677 absentem:
1485 668 1487 672 Α

273 713 355 797 quod
386 713 414 777 si
440 713 474 776 in
502 713 688 796 quibusdam
715 713 835 777 lucrum
864 716 983 779 iactum
1009 715 1112 794 fuerit,
1140 715 1172 778 in
1195 715 1383 799 quibusdam

274 816 434 897 damnum,
457 817 570 880 absens
595 837 724 901 pensare
747 818 870 908 lucrum
893 839 963 882 cum
987 818 1100 882 damno
1124 817 1225 882 debet.
1350 805 1356 820 ’

165 953 237 1019 337.
266 954 292 1019 l.
308 952 376 1018 203
398 953 480 1035 Ilig.
504 953 546 1018 de
567 971 645 1035 reg.
668 954 871 1034 iur.50‚17.
1114 1031 1116 1038 Α

319 1073 508 1159 Pomponius
534 1073 611 1136 libro
639 1085 742 1137 anano
769 1075 812 1138 ad
837 1072 989 1152 Quintum
1016 1075 1155 1138 Mucium
1199 1075 1286 1152 Quod
1314 1074 1383 1157 quis

274 1197 312 1239 ex
336 1177 427 1262 culpa
442 1198 499 1240 sua
514 1176 664 1240 damnum
679 1178 784 1257 sentit,
807 1199 870 1242 non
885 1177 1077 1278 intellegitur
1092 1178 1243 1241 damnum
1258 1177 1381 1242 sentire.

164 1310 243 1377 338.
269 1310 297 1377 1.
313 1309 399 1393 el,a
422 1311 502 1393 Ilig.
525 1311 569 1377 de
590 1315 688 1379 verb.
713 1312 822 1394 obllg.
838 1311 933 1395 45,1.

316 1432 436 1494 Paulus
460 1432 537 1495 libro
559 1435 687 1517 septimo
709 1434 825 1496 daciano
848 1435 891 1496 ad
912 1433 1078 1498 Plautium
1111 1434 1259 1517 Sequitur
1277 1433 1382 1498 videre

274 1534 312 1597 de
338 1557 384 1614 eo,
412 1535 494 1619 quod
521 1545 640 1600 veteres
669 1537 905 1618 constituerunt,
936 1536 1078 1620 quotiens
1101 1536 1192 1621 culpa
1214 1535 1383 1600 intervenit

273 1637 431 1718 debitoris,
456 1639 632 1722 perpetuari
657 1639 886 1721 obligationem,
915 1639 1178 1721 quemadmodum
1198 1638 1380 1720 intellegen-

273 1740 348 1804 dum
374 1743 423 1804 sit.
470 1749 500 1804 et
527 1741 651 1824 quidem
681 1742 707 1806 si
735 1742 869 1806 eiecerit
898 1743 1073 1826 promissor,
1103 1762 1162 1825 quo
1189 1741 1293 1804 minus
1319 1741 1381 1804 sol-

274 1865 344 1907 vere
366 1844 474 1928 possit,
500 1844 680 1930 expeditum
704 1844 897 1908 intellectum
920 1844 1014 1908 habet
1037 1844 1231 1909 constitutio:
1249 1833 1287 1907 ¹si
1308 1865 1380 1907 vero

273 1954 412 2012 moratus
438 1948 479 2010 sit
506 1956 640 2026 tantum,
669 1947 849 2028 haesitatur,
878 1969 928 2027 an,
956 1947 982 2010 si
1009 1956 1117 2032 postea
1143 1949 1175 2011 in
1205 1969 1292 2010 mora
1318 1968 1381 2010 non

272 2050 376 2132 fuerit,
401 2050 602 2132 extinguatur
624 2050 764 2135 superior
778 2072 874 2114 mora.
909 2058 940 2114 et
956 2049 1061 2114 Celsus
1078 2050 1258 2114 adulescens
1273 2050 1382 2114 scribit

273 2174 354 2236 eum,
378 2154 436 2236 'qui
463 2175 582 2217 moram
608 2155 682 2217 fecit
710 2155 743 2216 in
766 2154 913 2218 solvendo
937 2153 1042 2217 Sticho
1071 2159 1163 2237 quem
1187 2155 1379 2239 promiserat,

272 2277 361 2340 posse
385 2257 549 2320 emendare
572 2279 641 2320 eam
663 2279 782 2320 moram
806 2265 913 2342 postea
928 2257 1097 2321 offerendo:
1122 2278 1186 2321 esse
1202 2258 1286 2322 enim
1300 2258 1381 2322 hanc

272 2360 466 2442 questionem
490 2361 528 2424 de
552 2361 630 2424 bono
655 2369 686 2424 et
708 2382 820 2444 aequo:
844 2361 877 2424 in
901 2381 960 2444 quo
985 2382 1094 2444 genere
1117 2361 1299 2448 plerumque
1322 2361 1380 2425 sub

271 2465 455 2528 auctoritate
477 2464 554 2528 iuris
577 2464 724 2528 scientiae
747 2464 927 2550 perniciose,
951 2464 1064 2547 inquit,
1089 2473 1217 2530 erratur.
1253 2472 1283 2528 et
1306 2484 1380 2528 sane

272 2566 441 2648 probabilis
468 2566 544 2630 haec
571 2565 725 2630 sententia
753 2577 809 2644 est,
838 2588 933 2650 quam
961 2559 1088 2650 quidem
1114 2573 1145 2630 ct
1167 2567 1308 2634 Iulianus
1332 2587 1379 2630 se·

272 2668 392 2752 quitur:
417 2691 489 2733 nam
513 2671 588 2733 dum
611 2671 770 2753 quaeritur
793 2670 830 2734 de
854 2671 967 2733 damno
991 2677 1021 2733 et
1038 2691 1094 2755 par
1109 2670 1271 2754 utriusque
1287 2692 1380 2734 causa

271 2772 321 2852 sit,
346 2792 441 2855 quare
464 2795 526 2837 non
550 2774 705 2858 potentior
719 2773 760 2836 sit
775 2774 829 2856 qui
844 2780 959 2852 teneat,
983 2794 1077 2856 quam
1093 2773 1147 2857 qui
1163 2773 1378 2857 persequitur?

163 2927 243 2993 339.
270 2929 295 2993 l.
312 2927 376 3012 al
398 2928 479 3009 llig.
504 2927 546 2994 de
569 2945 665 2994 usur.
682 2929 735 3010 22,
746 2926 774 2993 1.

314 3049 516 3134 Papinianus
544 3048 621 3111 libro
646 3035 806 3111 undecimo
828 3068 1040 3130 responsorum
1083 3049 1256 3113 Usurarum
1279 3049 1380 3134 stipu-

270 3151 355 3230 latio,
391 3152 533 3235 quamvis
567 3151 688 3215 debitor
721 3173 784 3215 non
812 3151 1022 3232 conveniatur,
1057 3151 1273 3222 committitur.
1324 3173 1381 3216 nec

271 3254 391 3318 inutilis
414 3254 572 3336 legitimae
594 3275 706 3317 urnrae
729 3253 890 3338 stipulatio
913 3253 1040 3334 videtur
1060 3254 1178 3318 subea
1200 3255 1380 3319 condicione

272 3364 420 3440 concepta
444 3358 479 3420 ‘si
502 3357 637 3420 minores
660 3356 699 3419 ad
723 3356 806 3420 diem
828 3357 948 3420 solutae
970 3377 1034 3420 non
1048 3355 1182 3422 fuerint’.
1217 3358 1380 3423 nonenim

270 3481 379 3544 poena,
404 3459 456 3522 sed
479 3461 589 3523 faenus
612 3459 738 3524 uberius
762 3459 844 3523 iusta
863 3449 985 3522 'ratione
1008 3458 1100 3523 sortis
1116 3459 1317 3544 promittitur.
1353 3461 1381 3525 si

167 3545 171 3552 i
271 3572 377 3626 tamen
394 3569 610 3647 postmortem
626 3562 786 3626 creditoris
803 3583 893 3626 nemo
910 3562 971 3625 luit
986 3561 1035 3625 cui
1052 3562 1185 3648 pecunia
1200 3562 1379 3644 solveretur,

272 3666 338 3731 eius
364 3664 512 3750 temporis
534 3666 728 3749 inculpatam
751 3685 816 3728 esse
838 3686 958 3728 moram
983 3665 1137 3728 constitit:
1171 3664 1241 3728 ideo
1264 3665 1290 3728 si
1313 3685 1380 3728 ma-

271 3770 351 3834 iores
379 3790 490 3834 usurae
518 3768 673 3854 prioribus
701 3773 857 3852 petantur,
882 3766 1023 3852 exceptio
1048 3767 1112 3831 doli
1136 3789 1198 3831 non
1226 3767 1381 3831 inutiliter

272 3879 454 3958 opponetur.

163 4009 245 4076 340.
272 4010 297 4075 l.
313 4008 417 4091 lans
439 4008 520 4090 lug.
543 4008 586 4075 de
608 4010 705 4074 verb.
729 4008 838 4089 oblig.
853 4006 908 4090 45,
922 4007 948 4073 1.

323 4128 482 4192 Venuleius
513 4129 589 4192 libro
612 4131 718 4214 priano
748 4130 986 4212 stipulationum
1034 4129 1116 4193 Illud
1150 4127 1381 4216 inspiciendum

272 4241 327 4314 est,
353 4255 393 4297 an
417 4233 470 4318 qui
493 4239 619 4296 centum
641 4232 709 4296 dari
731 4232 876 4318 promisit
899 4230 1230 4297 confestim'teneatur
1252 4253 1292 4295 an
1309 4252 1380 4294 vero

273 4344 371 4400 cesset
393 4335 549 4418 obligatio,
578 4335 676 4399 donec
700 4335 864 4421 pecuniam
888 4335 1026 4399 conferre
1048 4335 1155 4420 possit.
1202 4334 1277 4418 quid
1300 4355 1379 4416 orgo,

272 4439 298 4503 si
328 4459 430 4522 neque
457 4438 543 4501 domi
568 4438 663 4502 habet
689 4459 790 4521 neque
818 4437 958 4502 inveniat
986 4437 1188 4502 creditorem?
1223 4437 1278 4502 sed
1304 4437 1380 4500 haec

272 4543 421 4607 recedunt
443 4541 481 4605 ab
505 4541 729 4626 impedimento
741 4540 889 4604 naturali
912 4546 942 4604 et
957 4540 1127 4624 respiciunt
1143 4541 1183 4604 ad
1198 4539 1380 4604 facultatem
