3442 5412
843 420 974 484 „24
1018 456 1060 467 ..

196 513 1005 810 ssmmmummma
1302 562 1634 701 wffssw

491 713 612 778 Paulus
634 711 712 776 libro
735 722 847 797 quarto
870 713 984 776 domnio
1007 713 1220 795 quaestionum
1254 714 1310 776 ·In'
1328 715 1473 797 ambiguo
1496 735 1560 779 ser*

449 838 540 881 mone
562 838 625 882 non
648 824 816 902 utrumque
837 815 980 895 dicimus,
1003 815 1056 880 sod
1072 814 1106 878 id
1121 814 1286 880 dumtaxat
1301 816 1385 901 quod
1400 818 1560 882 volumus:

338 994 342 1004 ι
448 919 556 1005 itaque
582 919 637 1004 qui
664 918 751 983 aliud
778 919 855 983 dicit
882 940 976 1004 quam
1003 918 1082 999 vult,
1112 939 1213 1002 neque
1240 919 1272 983 id
1295 919 1372 983 dicit
1394 920 1477 1004 quod
1499 942 1561 984 vox

448 1022 611 1105 siguificat,
622 1022 697 1107 quia
708 1042 771 1087 non
781 1022 859 1105 vult,
872 1043 973 1106 neque
985 1021 1018 1085 id
1031 1021 1202 1106 quodvult,
1214 1021 1289 1106 quia
1300 1022 1560 1108 idnonloquitur.

350 1155 426 1222 100.
449 1158 474 1223 1.
490 1156 555 1239 3,2
578 1157 658 1240 Dig.
682 1156 725 1225 de
748 1158 820 1224 obl.
844 1158 881 1224 et
904 1154 1090 1238 6616417.

491 1278 612 1341 Pontus
653 1277 730 1341 labro
770 1279 899 1341 seeundo
936 1278 1167 1340 institutionum
1225 1275 1400 1342 Verborum
1437 1299 1561 1363 quoque

449 1380 596 1464 obligatio
625 1389 755 1459 constat,
786 1380 813 1444 si
839 1381 922 1445 inter
950 1379 1167 1444 contrahentes
1189 1379 1222 1442 id
1245 1387 1367 1462 agatur:
1396 1382 1560 1446 nonenim

448 1484 474 1549 si
497 1506 553 1568 per
574 1485 677 1548 iocum
700 1491 777 1569 puta
798 1483 849 1548 vel
872 1482 1106 1548 demonstrandi
1128 1481 1307 1547 intellectus
1323 1504 1416 1548 eausa
1431 1505 1485 1567 ego
1502 1485 1561 1549 tibi

448 1586 556 1651 dixero
570 1585 744 1673 ‘spondaei
767 1593 798 1651 et
809 1593 845 1650 tu
855 1585 1050 1671 responderis
1062 1583 1230 1670 ‘spondeo',
1246 1594 1390 1651 nascetur
1402 1588 1560 1671 obligatio.

195 1717 259 1850 s
351 1719 425 1787 lot.
449 1740 479 1788 e.
494 1721 538 1788 20
553 1721 588 1786 X
611 1721 654 1790 de
676 1720 916 1805 sponsal.'4,l
938 1721 985 1804 (a.
1007 1718 1112 1803 1212).

491 1845 559 1907 Tua
581 1864 637 1909 nos
660 1843 750 1907 duxit
773 1843 952 1907 fraternitas
975 1841 1385 1942 consulendppssmquum
1402 1843 1561 1927 quandam

448 1945 612 2010 mulierem
634 1945 764 2029 quidam
786 1913 1256 2029 aliter‘iirdubeyb'nequivisset
1280 1931 1316 2009 ut
1331 1945 1391 2011 sibi
1415 1948 1572 2016 commis.

449 2056 569 2114 caretur
595 2049 771 2123 carnaliter,
799 2048 859 2114 uisi
887 2048 1102 2133 desponsasset
1132 2048 1274 2127 eandem,
1301 2046 1389 2112 nulle
1412 2048 1561 2114 sollenni-

449 2158 514 2214 tate
541 2151 682 2216 adhibita
707 2151 757 2216 vel
786 2151 917 2216 alicuius
944 2151 1132 2235 praesentia,
1158 2149 1239 2214 dixit
1264 2150 1327 2214 illi:
1361 2151 1402 2215 ‘te
1428 2151 1561 2216 Ioannes

449 2254 636 2339 desponsat,
666 2275 762 2340 quum
789 2255 856 2338 ipse
877 2255 1009 2319 Ioannes
1036 2273 1099 2318 non
1124 2259 1297 2331 vocaretur,
1327 2252 1382 2317 sed
1409 2253 1500 2316 finxit
1527 2274 1560 2317 se

448 2358 553 2422 vocari
579 2358 739 2438 Ioannem,
764 2379 828 2423 non
855 2357 983 2422 credens
1011 2377 1078 2422 esse
1104 2355 1284 2439 coniugium
1312 2378 1357 2436 co,
1385 2356 1468 2441 quod
1494 2357 1560 2441 ipse

449 2481 512 2524 non
530 2466 693 2525 vocaretur
707 2460 765 2525 hoo
780 2460 907 2524 nomine
922 2480 978 2524 neo
992 2459 1122 2523 haberet
1137 2459 1330 2544 propositum
1347 2459 1559 2539 contrahendi⁷

450 2561 505 2626 sed
527 2563 671 2647 copulam
693 2570 818 2627 tantum
840 2562 1031 2647 exsequendi
1054 2561 1220 2644 carnalem,
1244 2569 1351 2625 utrum
1371 2561 1454 2627 inter
1471 2584 1560 2647 prae-

449 2665 548 2730 dictos
570 2666 612 2731 eit
634 2665 869 2732 matrimonium
893 2665 1092 2748 celebratum,
1116 2685 1215 2750 quum
1237 2664 1349 2728 mulier
1372 2666 1560 2731 consenserit

449 2777 480 2832 et
503 2769 677 2834 consentiat
699 2768 733 2834 in
756 2769 900 2850 eundem,
923 2776 955 2832 et
976 2768 1030 2832 ille
1053 2767 1235 2832 dissenserit
1257 2774 1288 2830 et
1305 2766 1480 2848 dissentiat,
1503 2790 1560 2833 nec

448 2873 533 2936 aliud
556 2873 725 2957 quicquam
747 2872 843 2956 egerit
859 2894 952 2958 quam
968 2873 1110 2956 superius
1126 2879 1171 2935 est
1188 2891 1377 2956 expressum,
1400 2871 1461 2934 nisi
1477 2871 1558 2955 quod

423 2979 427 2985 '
449 2976 625 3058 cognoverit
648 2976 778 3040 eandem
792 3025 798 3039 .
813 3025 820 3038 .
835 3025 863 3038 ..
900 2976 964 3040 Nos
984 2982 1089 3039 autem
1106 2973 1183 3060 quid
1197 2974 1274 3038 iuris
1290 2975 1332 3038 eit
1346 2975 1559 3052 rescribentes,

383 3095 385 3101 ·
448 3078 698 3163 dicimus,·quod
715 3129 721 3142 .
739 3128 746 3140 .
764 3127 772 3142 .
795 3100 859 3142 non
881 3078 974 3142 debet
996 3099 1034 3142 ex
1054 3077 1559 3162 1116111616666163166166116611,

448 3203 546 3266 quum
572 3181 606 3244 in
633 3203 669 3245 eo
697 3202 753 3245 neo
781 3181 958 3245 substantia
984 3180 1155 3263 coniugalis
1182 3187 1359 3244 contractus
1381 3201 1439 3245 neo
1461 3182 1559 3246 forma

447 3284 650 3368 contrahendi
684 3284 863 3368 coniugium
895 3284 999 3357 valeat
1032 3283 1177 3363 inveniri,
1210 3283 1359 3368 quoniam
1392 3305 1432 3349 ex
1463 3285 1560 3349 altera

449 3397 536 3472 parte
568 3388 656 3452 dolus
688 3387 882 3452 solummodo
915 3387 1016 3451 adfuit
1044 3396 1075 3452 et
1103 3387 1202 3452 defuit
1229 3386 1355 3452 omnino
1383 3407 1559 3465 consensus,

448 3491 515 3555 sine
539 3511 599 3573 quo
624 3498 726 3554 cetera
747 3496 907 3573 nequeunt
929 3488 1038 3554 foedus
1061 3490 1207 3574 perficere
1230 3489 1400 3572 coniugale.

351 3625 429 3692 108.
451 3627 475 3692 1.
491 3623 553 3707 2,1
575 3624 655 3706 Dig.
678 3623 721 3691 de
745 3623 873 3690 admin.
895 3642 968 3691 rer.
992 3624 1049 3708 bt),
1062 3626 1095 3690 8.

500 3742 653 3828 Ulpianus
684 3745 761 3808 libro
793 3747 880 3808 tutio
911 3747 1094 3829 opinionum
1110 3808 1118 3827 s,
1139 3745 1227 3833 Quod
1242 3744 1324 3845 ,quis
1351 3765 1406 3808 suo
1434 3744 1561 3810 nomine

192 3923 195 3931 Α
449 3853 607 3915 exercere
625 3849 817 3934 prohibetur,
850 3849 883 3912 id
914 3870 970 3915 neo
997 3828 1445 3934 11616111116116111’6616666111
1471 3867 1561 3930 agere

404 3953 550 4043 fjdebet.
581 3959 616 4017 et
638 3952 707 4018 ideo
730 3953 757 4018 si
779 3952 904 4017 decurio
924 3952 1071 4017 subiectis
1091 3952 1224 4016 aliorum
1239 3950 1418 4016 nominibus
1433 3950 1562 4036 praedia
1622 4031 1626 4038 Ι

103 4038 107 4047 “
154 4034 175 4050 ”
204 4088 207 4095 ·
449 4026 575 4141 pbblica
595 4057 686 4136 colat,
710 4077 789 4140 quae
804 4055 1023 4144 decurionibus
1039 4055 1209 4120 conducere
1224 4075 1286 4118 nou
1302 4053 1375 4118 licet
1390 4053 1561 4118 seeundum

449 4160 559 4242 legem,
583 4167 732 4245 usurpata
754 4167 948 4224 revocentur.

297 4265 1257 4378 smwmmmmmiv·

499 4415 652 4501 Ulpianus
680 4415 757 4479 libro
778 4416 938 4478 6166611666
960 4419 1070 4478 ootooo'
1084 4416 1128 4478 ad
1148 4413 1300 4479 86116166
1344 4415 1383 4478 In
1404 4415 1561 4480 venditio-

450 4520 542 4585 nibus
575 4528 606 4585 et
640 4518 851 4604 emptionibus
885 4539 1069 4584 consensum
1102 4517 1212 4583 dobere
1238 4515 1429 4583 intercedere
1455 4518 1560 4604 palam
