3442 5412
847 417 1062 486 ..88-

452 614 550 678 usque
577 593 619 657 ad
645 594 766 658 bessem
794 592 981 657 centesimae
1013 613 1104 658 suam
1133 592 1368 678 stipulationem
1392 592 1560 658 moderari:

451 697 485 761 in
511 696 692 762 traiecticiis
725 703 831 760 autem
863 697 1073 761 contractibus
1103 697 1153 762 vel
1179 696 1352 782 specierum
1380 695 1479 761 fenori
1506 697 1561 760 da·

452 801 591 865 tionibus
622 820 720 883 usque
752 799 792 864 ad
819 799 1021 864 centesimam
1052 799 1269 864 tantummodo
1299 799 1392 864 licere
1418 799 1563 885 stipulari

451 925 509 968 nec
528 925 598 968 eam
617 902 776 986 excedere,
800 903 874 967 licet
893 903 1050 969 veteribus
1070 903 1189 985 legibus
1207 903 1266 966 boc
1285 909 1352 968 erat
1367 923 1561 968 concessum:

452 1013 569 1072 ceteros
596 1013 702 1071 autem
730 1027 836 1070 omnes
861 1006 1003 1072 homines
1032 1006 1196 1071 dimidiam
1218 1005 1434 1071 tantummodo
1457 1013 1563 1069 cente-

451 1110 549 1175 simae
572 1131 738 1175 usurarum
760 1130 850 1194 posse
874 1109 1017 1195 stipulari
1041 1117 1099 1174 etc.

344 1263 419 1330 asa.
452 1263 515 1329 aa
539 1264 619 1345 mg.
644 1263 815 1329 common.
829 1262 882 1346 13,
894 1264 927 1329 o.

494 1384 686 1468 Pomponius
712 1384 789 1447 libro
816 1387 924 1469 quinto
950 1386 993 1448 od
1017 1382 1173 1448 Sabinum
1216 1383 1273 1448 Rei
1297 1383 1508 1449 commodatae
1531 1390 1563 1448 et

451 1488 679 1574 possessionem
702 1495 733 1552 et
754 1489 977 1574 proprietatem
1000 1489 1180 1553 retinemus,

343 1642 421 1708 888.
454 1643 481 1708 l.
499 1641 578 1725 b,9.
592 1640 635 1707 10
657 1641 738 1723 Dig.
762 1641 933 1708 commod.
947 1640 999 1722 13,
1011 1642 1044 1706 6.

501 1761 657 1847 Ulpianus
685 1762 763 1827 libro
788 1765 951 1826 oicmaimo
977 1772 1079 1826 octavo
1106 1763 1149 1824 ad
1173 1763 1305 1826 adactam
1348 1761 1455 1845 Usque
1483 1760 1562 1826 adeo

450 1874 557 1931 autem
584 1866 747 1949 diligentia
773 1867 806 1931 in
834 1889 867 1930 re
895 1867 1091 1931 commodata
1117 1864 1304 1951 praestanda
1326 1870 1382 1944 est,
1408 1871 1444 1928 ut
1466 1863 1509 1928 eti

450 1970 484 2034 in
507 1991 553 2050 ea,
578 1991 658 2054 quae
680 1970 821 2053 sequitur
843 1991 909 2034 rem
933 1969 1173 2049 commodatam,
1201 1967 1352 2053 praestari
1374 1967 1499 2032 debeat:
1526 1974 1563 2030 ut

450 2080 528 2157 puta
548 2093 661 2156 equam
681 2073 741 2136 tibi
761 2072 966 2150 commodavi,
990 2094 1084 2157 quam
1101 2073 1206 2156 pullus
1222 2070 1442 2136 comitabatur:
1466 2071 1562 2135 etiam

450 2176 530 2260 pulli
563 2182 595 2239 te
629 2176 804 2240 custodiam
837 2184 995 2261 praestare
1029 2175 1141 2240 debere
1176 2183 1293 2240 veteres
1326 2174 1561 2259 responderunt.

416 2294 442 2337 ιο
451 2277 613 2342 Interdum
641 2279 734 2362 plane
761 2277 869 2342 dolum
894 2278 995 2343 solum
1023 2278 1056 2342 in
1083 2299 1116 2342 re
1143 2277 1340 2342 commodata
1366 2277 1420 2361 qui
1442 2276 1562 2360 rogavit

450 2382 631 2464 praestabit,
654 2391 690 2445 ut
713 2389 789 2467 puta
810 2382 837 2446 si
860 2382 930 2466 quis
952 2382 998 2445 ita
1021 2383 1180 2448 convenit:
1202 2382 1254 2446 vel
1273 2381 1299 2445 si
1318 2401 1376 2446 sua
1395 2381 1561 2445 dumtaxat

451 2504 545 2548 causa
561 2485 780 2564 commodavit,
804 2506 934 2570 sponsae
950 2486 1030 2549 forte
1044 2505 1121 2550 suae
1137 2485 1187 2550 vel
1202 2484 1302 2565 uxori,
1326 2505 1386 2568 quo
1401 2484 1560 2548 honestius

451 2587 535 2650 culta
562 2586 600 2650 ad
629 2607 662 2650 se
690 2587 908 2670 deduceretur,
941 2589 992 2653 vel
1023 2588 1049 2654 si
1083 2589 1152 2672 quis
1186 2588 1275 2653 ludos
1309 2588 1404 2652 edens
1438 2594 1561 2672 praetor

449 2688 598 2755 scaenicis
620 2691 840 2772 commodavit,
863 2692 913 2756 vel
933 2691 994 2776 ipsi
1009 2691 1145 2776 praetori
1160 2691 1229 2774 quis
1244 2691 1325 2756 ultro
1343 2690 1559 2757 commodavit.

342 2847 422 2913 389.
449 2847 575 2930 l.17,3
598 2848 679 2930 larg.
703 2849 873 2916 commod.
888 2848 940 2932 13,
953 2849 987 2914 b.

492 2969 615 3032 Paulas
649 2968 726 3032 libro
757 2972 919 3033 uicensimo
952 2990 1033 3032 aeae
1066 2971 1109 3032 od
1141 2970 1273 3032 edictum
1331 2969 1419 3034 Siout
1456 2976 1559 3033 autem

449 3072 620 3138 voluntatis
645 3080 676 3136 et
703 3073 796 3137 officii
823 3074 922 3156 magis
947 3095 1042 3156 quam
1066 3072 1259 3138 necessitatis
1282 3079 1330 3137 est
1354 3072 1558 3152 commodare,

449 3176 495 3239 ita
512 3175 640 3240 modum
657 3176 844 3241 commodati
859 3177 1015 3261 finemque
1031 3177 1239 3262 praescribere
1254 3175 1320 3240 eius
1336 3177 1451 3260 estqui
1468 3176 1559 3240 bene-

448 3277 553 3342 ficium
576 3279 695 3344 tribuit.
741 3302 813 3344 oum
835 3279 993 3344 autemid
1013 3280 1096 3359 lecit,
1120 3279 1152 3342 id
1172 3286 1219 3343 est
1238 3286 1404 3363 postquam
1424 3301 1558 3344 commo-

450 3381 546 3463 davit,
577 3389 653 3446 tuno
680 3384 774 3447 finem
802 3383 1012 3468 praescribere
1041 3390 1072 3446 et
1098 3390 1180 3446 retro
1209 3403 1297 3465 agere
1325 3389 1418 3466 atque
1445 3382 1557 3446 intem-

449 3483 569 3568 pestive
600 3505 693 3548 usum
721 3485 934 3550 commodatae
961 3487 1004 3549 rei
1034 3488 1155 3550 auferre
1181 3507 1244 3550 non
1272 3484 1410 3548 officium
1436 3492 1559 3548 tautum

448 3585 590 3670 impedit,
625 3587 680 3652 sed
708 3595 739 3651 et
766 3597 910 3673 suscepta
944 3589 1091 3672 obligatio
1125 3589 1207 3654 inter
1238 3587 1378 3651 dandum
1405 3587 1558 3670 accipien-

449 3689 596 3774 dumque.
642 3690 758 3774 geritur
792 3693 876 3756 enim
910 3693 1069 3775 negotium
1103 3691 1238 3759 invicem
1270 3699 1302 3755 et
1327 3690 1397 3755 ideo
1424 3682 1559 3754 invicem

448 3793 625 3876 propositae
648 3802 722 3858 sunt
744 3794 892 3878 actiones,
915 3804 951 3859 ut
967 3804 1126 3880 appareat,
1151 3795 1233 3880 quod
1248 3793 1402 3880 principio
1419 3791 1559 3857 beneficii

449 3918 484 3959 ao
507 3896 609 3962 nudae
631 3898 803 3962 voluntatis
825 3900 937 3979 luerat,
967 3899 1105 3964 converti
1131 3899 1165 3963 in
1188 3906 1313 3962 mutuas
1335 3897 1558 3983 praestationes

449 3999 649 4085 actionesque
682 4000 798 4066 civiles.
844 4008 880 4065 ut
906 4002 1020 4066 accidit
1047 4002 1079 4066 in
1107 4023 1153 4081 eo,
1188 4003 1242 4085 qui
1269 3999 1407 4064 absentis
1436 3998 1560 4083 negotia

449 4124 552 4185 gerere
579 4103 752 4174 inchoavit:
780 4127 881 4190 neque
908 4106 993 4170 enim
1019 4106 1148 4190 impune
1170 4106 1308 4191 peritura
1331 4104 1465 4169 deseret:
1493 4125 1558 4168 sus-

448 4205 580 4291 cepisset
608 4208 693 4271 enim
719 4209 858 4274 fortassis
886 4209 976 4289 alius,
1006 4209 1033 4273 si
1054 4209 1081 4272 is
1103 4231 1165 4274 non
1189 4209 1354 4293 coepisset:
1389 4207 1560 4272 voluntatis

447 4317 494 4374 est
510 4310 592 4375 enim
608 4311 763 4396 suscipere
779 4312 974 4394 mandatum,
991 4312 1185 4377 necessitatis
1201 4333 1427 4378 consummare.
1465 4311 1559 4394 igitur

447 4413 473 4477 si
496 4415 664 4498 pugillares
686 4414 765 4478 mihi
788 4415 1004 4496 commodasti,
1031 4423 1068 4480 ut
1090 4415 1213 4480 debitor
1234 4416 1313 4480 mihi
1335 4421 1469 4498 careret,
1497 4436 1558 4479 non

447 4525 529 4582 recte
544 4519 638 4582 facies
654 4518 832 4602 importune
847 4519 1029 4604 repetendo:
1046 4519 1162 4584 namsi
1178 4539 1330 4603 negasses,
1347 4519 1398 4584 vel
1415 4518 1558 4582 emissem
