3442 5412
849 432 1063 496 ..52-

349 604 423 669 278.
456 602 581 686 l.14,3
604 601 684 684 Dig.
701 602 744 669 de
766 618 832 668 usu
855 602 891 668 et
913 601 1026 669 habit.
1048 601 1078 684 7,
1090 602 1122 667 8.

508 723 664 809 Ulpianus
686 723 763 786 libro
784 725 910 806 septimo
932 723 1047 786 dearum
1070 725 1113 786 ad
1128 722 1278 788 Sabinam
1322 723 1440 788 Poterit
1463 731 1571 788 autem

457 828 541 912 apud
569 827 666 891 alium
693 847 870 906 assenaco,
902 827 985 911 apud
1017 827 1116 891 alium
1147 829 1266 892 fructus
1292 827 1359 891 sine
1385 848 1453 906 usu,
1485 827 1570 912 apud
1689 863 1690 866 κ

458 930 555 995 alium
577 930 764 1016 proprietas:
787 930 886 994 veluti
907 931 933 994 si
957 931 1012 1013 qui
1033 931 1128 1018 habet
1150 930 1292 1009 fundum,
1316 930 1466 1013 legaverit
1486 930 1570 994 Titio
1689 945 1690 1006 ς

458 1055 559 1114 usum,
587 1055 660 1098 mox
686 1034 775 1097 heres
803 1034 870 1098 eius
896 1033 956 1097 tibi
982 1035 1120 1097 fructum
1147 1033 1297 1116 legaverit
1319 1033 1369 1098 vei
1392 1033 1453 1098 alio
1477 1033 1568 1097 modo

458 1137 664 1202 constituerit.

350 1293 424 1358 279.
458 1313 512 1376 pr.
528 1293 619 1361 Inst.
636 1294 678 1359 de
700 1277 907 1360 usufructu
929 1296 961 1375 2,
973 1295 1005 1359 4.

500 1415 583 1480 Usus
618 1416 737 1479 fructus
772 1422 818 1478 est
851 1417 900 1479 ius
934 1414 1044 1480 alienis
1078 1415 1170 1479 rebus
1196 1415 1306 1479 utendi
1332 1414 1456 1478 fruendi
1482 1414 1570 1478 salva

456 1539 560 1582 rerum
583 1519 768 1582 substantia.
814 1526 861 1582 est
890 1519 975 1582 enim
998 1519 1047 1582 ius
1069 1518 1103 1582 in
1127 1539 1268 1602 corpore:
1302 1538 1363 1603 quo
1391 1519 1514 1582 sublato
1539 1527 1570 1581 et

455 1622 560 1705 ipsum
583 1622 652 1685 tolli
675 1642 800 1686 necesse
823 1630 879 1686 est.

293 1860 295 1866 Ι
349 1777 428 1845 280.
460 1777 737 1861 l.15,11n·g.oo
759 1778 966 1846 usufructu
989 1778 1058 1861 7,1.

506 1898 664 1984 Ulpianus
691 1899 768 1963 libro
801 1912 902 1963 octauo
932 1903 1049 1965 deamo
1077 1901 1120 1964 od
1146 1899 1298 1966 Somnum
1343 1900 1569 1986 Mancipiorum

457 2024 580 2088 quoque
602 2024 661 2067 usu
683 2005 786 2068 sruotu
808 2004 909 2087 legato
931 2026 993 2069 non
1010 2005 1102 2069 debet
1117 2004 1215 2085 abuti,
1239 2005 1292 2068 sed
1309 2004 1479 2068 secundum
1495 2025 1570 2068 oon·

457 2107 611 2172 dicionem
635 2127 740 2170 eorum
764 2106 825 2170 uti:
850 2128 923 2171 nam
947 2107 974 2170 si
996 2106 1159 2171 librarium
1182 2128 1235 2171 rus
1256 2108 1364 2170 mittat
1386 2114 1417 2171 et
1441 2106 1569 2189 qualum
1689 2093 1690 2104 ἶ

457 2218 487 2274 et
510 2210 626 2274 calcem
649 2216 772 2295 portare
793 2219 891 2291 cogat,
914 2209 1099 2275 histrionem
1116 2209 1320 2274 balniatorem
1337 2211 1441 2292 iaciat,
1465 2208 1515 2274 vel
1531 2208 1570 2272 de

456 2313 642 2398 symphonia
669 2312 847 2392 atriensem,
879 2313 929 2377 vel
957 2313 995 2377 de
1024 2314 1179 2398 palaestra
1207 2314 1413 2378 stercorandis
1445 2313 1570 2377 latrinis

458 2423 637 2500 praeponat,
661 2416 749 2478 abuti
773 2416 930 2479 videbitur
951 2417 1150 2500 proprietate.

351 2580 422 2647 281.
454 2581 479 2646 l.
494 2579 511 2643 l
527 2599 580 2663 pr.
596 2580 677 2662 lug.
695 2580 934 2647 usufructum.
953 2579 1194 2662 quemadmod.
1211 2599 1283 2648 cuv.
1300 2580 1328 2664 7,
1342 2584 1374 2646 9.

507 2701 663 2786 Ulpianus
675 2701 752 2765 libro
760 2705 1000 2787 septaapensinro
1009 2723 1090 2764 nono
1098 2703 1140 2764 ad
1151 2702 1282 2765 edictam
1298 2701 1332 2766 Si
1342 2703 1430 2767 ouius
1439 2701 1485 2765 rei
1495 2722 1569 2765 usus

457 2807 574 2869 fructus
595 2806 716 2888 legatus
733 2807 783 2882 sit,
809 2805 1032 2891 aequissimum
1052 2805 1188 2890 praetori
1203 2806 1306 2870 visum
1322 2813 1368 2870 est
1384 2806 1422 2869 de
1437 2813 1570 2889 utroque

457 2909 642 2992 legatarium
666 2931 787 2974 cavere:
817 2917 848 2973 et
870 2931 998 2974 usurum
1022 2930 1055 2974 se
1080 2909 1152 2973 boni
1174 2909 1235 2972 viri
1258 2909 1411 2973 arbitratu
1434 2917 1474 2988 et,
1498 2930 1571 2972 cum
1689 2897 1690 2992 ξ

456 3033 531 3076 usus
552 3013 671 3076 fructus
695 3013 733 3075 ad
750 3034 822 3076 eum
837 3015 993 3097 pertinere
1009 3012 1139 3092 desinet,
1163 3013 1381 3077 restituturum
1398 3012 1480 3097 quod
1496 3011 1570 3076 indo
1689 2999 1690 3024 ³

458 3116 602 3180 exstabit.

351 3273 425 3338 282.
459 3271 517 3357 §2
539 3274 628 3339 Inst.
645 3274 688 3339 do
712 3263 777 3339 usu
799 3272 919 3339 fructu
941 3275 973 3355 2,
985 3272 1017 3337 4.

501 3394 709 3458 Constituitur
736 3402 842 3458 antem
870 3414 944 3458 usus
972 3395 1091 3458 fructus
1118 3416 1181 3457 non
1208 3400 1332 3457 tantum
1358 3393 1391 3457 in
1419 3393 1514 3457 fundo
1538 3400 1569 3456 et

457 3496 596 3571 aedibus,
624 3518 734 3561 verum
762 3499 858 3560 etiam
881 3499 915 3562 in
938 3498 1035 3563 servis
1058 3505 1089 3561 et
1111 3497 1259 3563 iumentis
1283 3491 1462 3582 ceterisque
1475 3497 1567 3560 rebus

458 3600 594 3684 exceptis
628 3600 676 3664 his
705 3623 784 3685 quae
811 3600 878 3685 ipso
908 3622 967 3665 usu
1001 3611 1239 3666 consumuntur:
1274 3623 1348 3664 nam
1382 3621 1435 3665 eae
1469 3621 1568 3684 neque

457 3703 592 3768 naturali
619 3703 740 3768 ratione
767 3725 868 3788 neque
896 3705 981 3769 civili
1012 3705 1168 3789 recipiunt
1194 3725 1285 3769 usum
1312 3706 1457 3768 fructum.
1508 3726 1567 3788 quo

457 3828 586 3871 numero
613 3817 688 3872 sunt
709 3807 818 3872 vinum
852 3808 955 3871 oleum
988 3808 1181 3872 frumentum
1215 3808 1411 3872 vestimenta.
1455 3807 1568 3892 quibus

457 3911 600 3996 proxima
623 3917 672 3975 est
694 3911 827 3994 pecunia
849 3918 1028 3974 numerata:
1051 3933 1188 3994 namque
1210 3912 1332 3996 inipso
1356 3931 1415 3975 usu
1438 3910 1568 3975 adsidua

456 4015 685 4099 permutatione
714 4014 943 4100 quodammodo
972 4015 1173 4097 extinguitur.
1218 4015 1273 4080 sed
1300 4014 1447 4079 utilitatis
1475 4034 1568 4078 causa

372 4190 374 4194 ,
457 4124 582 4181 senatus
607 4119 727 4182 censuit
749 4139 839 4203 posse
862 4119 958 4182 etiam
981 4139 1089 4182 earum
1111 4140 1215 4183 rerum
1239 4120 1481 4183 usumfructum
1497 4138 1568 4182 oon·
1689 4111 1690 4156 ἶ

457 4219 556 4298 stimi,
580 4228 615 4284 ut
637 4229 743 4285 tamen
767 4242 802 4284 eo
826 4221 951 4285 nornine
975 4220 1082 4284 heredi
1103 4221 1223 4286 utiliter
1240 4228 1395 4286 caveatur.
1419 4221 1526 4306 itaque
1541 4221 1569 4284 si

406 4345 409 4349 ·
456 4325 605 4406 pecuniae
627 4345 702 4388 usus
724 4326 843 4388 fructus
866 4325 985 4407 legatus
1007 4324 1058 4404 sit,
1081 4324 1126 4388 ita
1149 4324 1240 4388 datur
1261 4325 1418 4406 legatario,
1442 4333 1477 4387 nt
1501 4324 1568 4387 eius

455 4426 520 4506 fiat,
544 4435 574 4490 et
596 4427 762 4511 legatarius
784 4427 916 4492 satisdat
938 4427 1044 4491 heredi
1060 4427 1098 4492 de
1114 4435 1202 4491 tanta
1217 4430 1349 4513 pecunia
1364 4427 1568 4508 restituenda,
1587 4474 1589 4480 .

456 4529 484 4592 si
515 4530 664 4595 morietur
697 4539 751 4594 aut
783 4531 883 4616 capite
918 4531 1087 4595 minuetur.
1137 4541 1256 4598 ceterae
1290 4551 1414 4615 quoque
1447 4551 1495 4593 res
1522 4529 1567 4592 ita
