3442 5412
652 494 693 504 -
737 456 776 520 57
824 493 865 502 ..

152 627 228 693 301.
259 627 285 693 l.
299 628 383 711 lpr.
406 628 486 710 urg.
511 629 554 695 de
576 628 752 710 pignerat.
775 627 843 693 act.
867 626 917 711 13,
929 627 958 692 7.

311 748 462 832 Ulpiaaaa
495 749 573 813 libro
606 749 863 834 quadrupeasimo
892 750 935 812 ad
959 747 1112 814 Sabinam
1155 748 1270 832 Pignus
1297 771 1371 815 con-

260 853 394 918 trahitur
418 876 480 918 non
503 853 569 917 sola
590 853 768 935 traditione,
792 852 960 917 sedetiam
975 853 1060 917 nuda
1076 853 1289 936 conventione,
1314 853 1372 919 etsi

261 978 323 1022 non
346 957 498 1022 traditum
521 963 582 1022 est.

151 1057 773 1175 emmmmmmma

307 1212 407 1279 Gaiae
430 1212 507 1276 libra
527 1213 686 1298 aiapalari
706 1214 742 1276 de
763 1213 904 1296 formala
918 1212 1135 1299 hypothecaria
1173 1213 1371 1279 Contrahitur

259 1318 434 1403 hypotheca
460 1338 515 1401 per
540 1324 667 1402 pactum
690 1324 888 1397 conventum,
922 1338 993 1381 oum
1020 1317 1090 1400 quis
1116 1316 1301 1401 paciscatur,
1335 1326 1371 1382 nt

260 1443 308 1486 res
331 1421 397 1486 eius
419 1428 546 1506 propter
568 1420 706 1504 aliquam
723 1420 945 1503 obligationem
959 1420 1023 1484 sint
1037 1420 1230 1505 hypothecae
1244 1421 1371 1486 nomine

261 1524 428 1606 obligatae:
461 1543 519 1586 nec
541 1522 581 1586 ad
603 1544 669 1586 rem
692 1522 836 1606 pertinet,
865 1521 979 1607 quibus
1004 1523 1041 1586 fit
1067 1523 1181 1604 verbio,
1208 1523 1301 1588 sicuti
1323 1531 1371 1590 est

261 1626 346 1690 etin
370 1625 417 1689 his
441 1625 681 1709 obligationibus
704 1647 783 1711 quae
805 1645 957 1692 consensu
981 1627 1214 1692 contrahuntur.
1249 1635 1280 1692 et
1301 1627 1370 1692 ideo

261 1736 293 1793 et
313 1730 380 1795 sine
395 1729 549 1813 scriptura
563 1729 590 1792 si
605 1728 750 1794 convenit
765 1736 801 1793 ut
816 1728 988 1813 hypotheca
1003 1729 1044 1794 sit
1060 1737 1092 1794 et
1106 1730 1230 1814 probari
1246 1730 1369 1815 poterit,

261 1852 309 1896 res
326 1831 462 1915 obligata
477 1831 537 1896 erit
552 1831 590 1896 de
602 1852 664 1915 qua
676 1831 875 1897 conveniunt.
891 1832 972 1895 fiunt
983 1832 1067 1896 enim
1079 1832 1117 1896 de
1128 1831 1177 1897 his
1189 1833 1368 1917 scripturae,

261 1942 296 1999 ut
311 1935 395 2018 quod
416 1942 521 1999 actum
545 1944 591 2000 est
613 1957 668 2020 per
690 1955 743 1999 eas
764 1935 887 1999 facilius
902 1935 1028 2020 probari
1044 1936 1170 2020 poterit:
1194 1944 1226 2001 et
1239 1938 1307 2002 sine
1322 1938 1370 2002 his

261 2045 367 2102 autem
389 2038 473 2102 valet
496 2037 578 2122 quod
602 2045 706 2102 actum
730 2045 787 2116 est,
810 2038 837 2102 si
860 2037 974 2102 habeat
989 2038 1219 2123 probationem:
1242 2039 1324 2103 sicut
1339 2048 1370 2104 et

261 2141 390 2227 nuptiae
415 2147 497 2223 sunt,
524 2140 599 2205 licet
624 2140 806 2206 testationes
832 2141 866 2204 in
893 2141 1018 2225 scriptis
1043 2141 1170 2206 habitae
1196 2162 1259 2206 non
1286 2149 1368 2207 sunt.

152 2280 796 2363 mmmmmmmma

304 2401 425 2464 Paulae
447 2399 523 2464 libro
546 2422 626 2464 acrio
648 2402 759 2463 deamo
779 2401 823 2463 ad
843 2402 974 2466 edictam
1018 2402 1051 2465 Si
1067 2402 1105 2466 ab
1122 2422 1167 2485 eo,
1192 2403 1246 2487 qui
1261 2402 1369 2467 Publi-

262 2504 352 2568 ciana
375 2505 421 2567 uti
444 2503 547 2588 potuit
569 2504 643 2588 quia
666 2503 839 2568 dominium
862 2526 925 2570 non
952 2505 1072 2579 habuit,
1106 2505 1228 2590 pignori
1254 2507 1368 2593 accepi,

261 2607 305 2671 sio
321 2614 426 2671 tuetur
441 2628 491 2670 me
506 2627 561 2692 per
572 2605 754 2671 Seruianam
770 2614 903 2692 praetor,
922 2607 1184 2691 quemadmodum
1197 2608 1368 2674 debitorem

261 2732 315 2795 per
337 2710 563 2775 Publicianam.

153 2841 234 2906 304.
267 2840 371 2923 1.0,1
394 2840 475 2922 Dlg.
490 2840 533 2907 de
555 2840 696 2923 pigner.
718 2839 778 2921 20,
789 2839 818 2905 1.

306 2960 409 3026 Gaiam
431 2961 508 3024 libro
529 2982 609 3024 acuo
633 2962 676 3024 ad
696 2962 829 3024 edictam
841 2962 1032 3043 provinciale
1074 2963 1162 3040 Quod
1178 2963 1369 3050 emptionem

261 3065 533 3149 venditionemque
561 3065 681 3149 recipit,
709 3064 804 3129 etiam
830 3065 1077 3149 pignerationem
1098 3066 1235 3150 recipere
1257 3073 1367 3150 potest.

152 3204 234 3270 305.
267 3205 329 3270 1.8
352 3204 435 3285 Dig.
449 3204 487 3269 in
510 3203 606 3284 quib.
623 3220 715 3269 caus.
730 3204 827 3286 pign.
850 3203 908 3284 20,
920 3203 951 3268 2.

303 3324 425 3388 Paulae
452 3324 529 3388 libro
553 3325 685 3387 secando
709 3326 932 3387 sententiarum
980 3324 1059 3389 Cum
1086 3325 1207 3389 debitor
1234 3325 1370 3408 gratuita

260 3427 393 3514 pecunia
414 3435 530 3505 utatur,
554 3435 656 3512 potest
679 3426 812 3490 creditor
834 3427 872 3492 de
887 3427 1039 3492 fructibus
1054 3428 1099 3492 rei
1114 3428 1173 3492 sibi
1190 3429 1368 3514 pigneratae

260 3531 299 3596 ad
323 3531 452 3596 modam
474 3531 649 3614 legitimum
671 3551 781 3594 usuras
805 3530 947 3595 retinere.

151 3669 232 3736 304.
265 3670 290 3735 l.
306 3669 345 3734 13
367 3669 447 3750 uig.
464 3670 507 3735 de
529 3669 690 3735 distract.
705 3668 803 3752 pign.
826 3667 884 3752 20,
897 3667 929 3734 b.

302 3788 425 3853 Paulae
440 3788 516 3851 libro
527 3790 630 3873 primo
645 3789 833 3852 demetarum
866 3788 1016 3864 Creditur,
1033 3789 1087 3874 qui
1102 3789 1170 3853 iure
1185 3809 1241 3853 suo
1257 3790 1368 3874 pignus

260 3891 415 3972 distrahit,
438 3892 487 3956 ius
502 3913 594 3956 suum
611 3891 718 3955 cedere
734 3890 827 3955 debet
842 3897 882 3970 et,
906 3891 933 3954 si
950 3891 1060 3976 pignus
1075 3891 1223 3976 possidet,
1247 3892 1369 3957 tradere

152 3999 155 4005 '
260 3995 369 4080 utique
392 3994 484 4058 debet
507 3994 741 4079 possessionem.

150 4123 233 4190 305.
266 4122 348 4189 l.14
369 4122 449 4204 urg.
466 4123 509 4189 de
530 4124 670 4207 pigner.
693 4122 751 4206 20,
763 4122 791 4188 1.

310 4241 465 4327 Ulpianus
487 4243 564 4307 libro
589 4245 810 4328 ecptaapaaimo
839 4245 925 4306 tertio
948 4245 991 4308 ad
1011 4245 1143 4308 edictam
1187 4245 1369 4320 Quaesitum

260 4355 315 4428 est,
349 4346 538 4412 sinendum
565 4347 632 4410 dies
658 4347 818 4433 pensionis
844 4349 939 4430 venit,
974 4369 1015 4412 an
1043 4357 1073 4411 et
1100 4347 1202 4411 medio
1229 4355 1368 4433 tempore

260 4450 403 4536 persequi
426 4451 555 4536 pignora
577 4450 823 4534 permittendam
845 4451 895 4515 sit.
920 4459 951 4516 et
974 4459 1049 4536 puto
1073 4451 1208 4516 dandam
1231 4451 1368 4536 pignoris

259 4555 515 4639 persecutionem,
541 4555 614 4637 quia
635 4556 766 4620 interest
788 4576 872 4618 mea:
891 4564 926 4619 et
948 4556 993 4620 ita
1016 4555 1123 4620 Celsus
1146 4555 1263 4621 scribit.

1181 4672 1216 4727 p
