3442 5412
639 413 881 484 .--23·-

276 590 402 667 sumpta
415 603 479 648 non
495 583 546 663 sit,
562 582 616 648 sed
631 589 732 647 exstet
754 583 837 668 apud
860 603 931 648 eum
948 582 998 647 cui
1012 582 1116 646 soluta
1131 589 1186 668 est,
1204 603 1321 650 cessare
1335 605 1384 648 re·
1477 649 1481 655 ,

275 687 469 772 petitionem.

192 827 251 892 90.
275 827 300 892 l.
315 825 358 890 10
381 825 462 907 nug.
485 825 529 894 de
551 827 633 892 bon.
655 842 750 909 poss.
774 825 826 907 31,
837 824 865 891 l.

318 946 440 1009 Paulus
474 945 551 1008 libro
581 946 711 1008 secunda
738 945 781 1008 ad
807 943 961 1009 Sabinum
1010 947 1047 1011 ln
1080 946 1234 1011 bonorum
1263 966 1385 1031 posses·

274 1050 413 1116 sionibus
435 1049 512 1113 iuris
534 1049 711 1132 ignorantia
733 1071 796 1114 non
818 1049 954 1134 prodest,
984 1071 1044 1134 quo
1068 1049 1172 1113 minus
1195 1049 1261 1114 dies
1285 1049 1384 1130 cedat,

275 1162 306 1218 et
334 1154 404 1217 ideo
435 1153 542 1218 heredi
569 1152 713 1217 instituto
740 1160 772 1218 et
799 1161 872 1217 ante
899 1161 1023 1239 apertas
1049 1152 1171 1218 tabulas
1199 1152 1266 1216 dies
1293 1152 1384 1217 cedit.

274 1257 350 1322 satis
373 1264 420 1322 est
442 1257 526 1322 enim
548 1257 626 1322 scire
648 1264 806 1322 mortuum
831 1277 897 1321 esse
915 1277 1011 1340 seque
1026 1257 1202 1341 proximum
1218 1264 1386 1339 cognatum

273 1361 369 1424 fuisse
392 1360 574 1445 copiamque
593 1381 701 1424 eorum
716 1379 794 1443 quos
810 1360 985 1424 consuleret
1000 1360 1160 1425 habuisse:
1185 1359 1385 1425 scientiam

275 1463 370 1528 enim
403 1484 474 1528 non
506 1463 601 1528 hanc
632 1463 763 1548 accipi,
797 1483 889 1546 quae
921 1463 1016 1528 iuris
1043 1463 1292 1549 prudentibus
1320 1464 1384 1544 sit,

274 1567 337 1632 sed
360 1589 452 1649 eam,
476 1587 583 1652 quam
607 1567 690 1652 quis
713 1575 777 1631 aut
796 1587 860 1650 per
875 1587 911 1632 se
926 1567 1142 1632 habeataut
1158 1567 1384 1631 consulendo

274 1670 537 1756 prudentiores
565 1670 718 1756 adsequi
747 1679 882 1756 potest.

165 1810 244 1875 100.
273 1810 297 1876 l.
313 1809 378 1892 zi
400 1809 481 1890 nug.
497 1809 583 1890 ¹quis
606 1807 694 1876 ordo
717 1808 772 1891 38,
783 1808 833 1876 15.

324 1931 477 2016 Ulpianus
500 1930 577 1994 libro
599 1931 957 2014 quadragensimum
981 1931 1023 1993 ad
1044 1931 1176 1994 ediciam
1214 1919 1383 1994 Scientiam

274 2057 343 2100 eam
371 2034 596 2099 observandam
623 2032 812 2118 Pomponius
846 2033 900 2115 ait,
934 2055 998 2098 non
1031 2055 1111 2117 quae
1139 2033 1223 2097 cadit
1248 2034 1282 2097 in
1308 2033 1385 2097 iuris

273 2139 452 2224 prudentes,
478 2136 532 2202 sed
559 2158 654 2222 quarn
682 2135 752 2220 quis
779 2143 834 2201 aut
861 2157 916 2221 per
942 2157 976 2201 se
1002 2147 1057 2200 aut
1078 2158 1134 2222 per
1156 2137 1234 2202 alios
1257 2136 1383 2222 adsequi

274 2243 386 2327 potuit,
429 2241 548 2305 scilicet
590 2239 778 2304 consulendo
816 2239 1042 2325 prudentiores
1085 2248 1121 2304 ut
1158 2240 1383 2324 diligentiorem

274 2345 553 2430 patremfamilias
576 2344 736 2408 consulere
759 2343 887 2426 dignum
909 2343 959 2408 sit.
1371 2342 1372 2346 ’

179 2487 250 2555 101.
272 2488 335 2555 14
357 2489 437 2571 Illg.
461 2490 553 2570 quod
574 2489 610 2556 11
632 2490 693 2555 aut
715 2489 806 2555 clam
827 2487 949 2570 4114.

322 2610 484 2675 Venuleius
511 2609 588 2672 libro
614 2609 743 2672 securida
770 2609 1003 2672 interdictarum
1046 2609 1172 2673 Servius
1195 2609 1290 2674 etiam
1313 2631 1385 2674 eum

254 2755 256 2760 -
274 2714 353 2777 clam
376 2715 486 2793 facere,
511 2714 565 2798 qui
581 2713 760 2776 existimare
776 2712 888 2778 debeat
902 2713 962 2776 sibi
978 2711 1220 2776 controversiam
1235 2713 1384 2792 suturam,

274 2815 349 2899 quia
374 2838 437 2880 nou
462 2815 639 2900 opinionem
663 2815 750 2879 ouius
774 2824 806 2879 et
827 2815 1007 2898 resupinam
1031 2815 1296 2880 existimationem
1318 2835 1385 2880 esse
1482 2881 1484 2885 ,

274 2927 423 3004 oporteat,
447 2940 486 2982 ne
508 2918 647 2982 melioris
670 2917 862 2982 condicionis
884 2918 948 2982 sint
969 2918 1058 2982 stulti
1081 2939 1176 3002 quam
1198 2917 1302 3002 periti.

176 3053 251 3120 roa.
273 3053 333 3120 uc
355 3053 436 3134 urg.
460 3052 503 3120 ue
525 3053 594 3120 rur.
618 3053 656 3119 u
677 3051 760 3119 ruat.
784 3017 865 3133 rga
880 3053 934 3136 aa,
947 3053 981 3130 1

315 3174 519 3258 Papinianus
556 3171 634 3235 libro
666 3194 747 3236 nono
779 3173 893 3236 deciam
925 3176 1139 3258 quaestionum
1184 3174 1264 3237 Iuris
1297 3173 1384 3256 igno-

273 3277 376 3342 rantia
395 3297 458 3342 non
479 3276 604 3362 prodest
620 3275 783 3360 adquirere
799 3276 986 3360 volentibus,
1010 3297 1103 3342 suum
1119 3297 1190 3341 vero
1206 3276 1385 3361 petentibus

273 3402 335 3444 non
358 3387 458 3444 uocet.
533 3419 546 3443 .

176 3513 251 3579 103.
273 3515 337 3581 18
360 3514 442 3596 llig.
466 3514 509 3581 do
531 3514 601 3579 iur.
625 3512 766 3580 111111.
789 3513 863 3594 ign.
885 3513 986 3595 216.

316 3634 518 3719 Papinianus
541 3635 619 3698 libro
631 3637 736 3719 primo
750 3632 960 3714 diffinitionum
997 3633 1088 3699 Error
1103 3636 1177 3700 facti
1192 3656 1231 3700 ne
1247 3635 1385 3701 maribus

274 3738 400 3822 quidem
427 3738 461 3802 iu
489 3737 611 3802 damnis
639 3739 689 3802 vel
716 3736 907 3822 compendiis
939 3738 1036 3818 obest,
1067 3738 1144 3803 iuris
1170 3745 1276 3803 autem
1304 3759 1386 3802 error

273 3862 330 3906 nea
356 3841 481 3906 feminis
508 3841 540 3906 in
573 3840 777 3926 compendiis.
796 3841 937 3926 prodest:
973 3848 1109 3905 ceterum
1138 3841 1283 3906 omnibus
1309 3841 1385 3905 iuris

34 4027 46 4038 ἱ
273 3965 356 4008 11111
378 3944 412 4008 11
434 3944 558 4009 damnis
581 3945 772 4009 amittendae
795 3943 841 4010 111
862 3965 937 4008 suae
960 3965 1022 4008 uou
1043 3952 1143 4009 nocet.

75 3836 252 4202 ssiu.
275 4080 300 4145 l.
316 4079 384 4161 9,2
408 4079 488 4162 Illg.
510 4081 579 4147 loc.
602 4078 701 4145 cond.
724 4077 776 4161 10,
787 4079 820 4145 2.

257 4215 258 4219 ’
307 4199 478 4285 ¹Ulpianus
500 4199 577 4264 11111
600 4201 754 4284 tripesinco
776 4201 906 4263 samario
926 4201 970 4263 ud
984 4201 1116 4264 edietum
1152 4201 1292 4266 lulianus
1305 4201 1385 4265 libro

274 4302 382 4386 quinto
406 4304 525 4368 decimo
549 4304 739 4387 digestorum
762 4302 848 4387 dicit,
872 4302 900 4367 si
923 4303 992 4387 quis
1013 4303 1146 4368 fundum
1168 4304 1327 4384 locaverit,
1349 4312 1386 4368 ut

273 4405 369 4470 etiam
395 4407 422 4473 si
445 4407 521 4491 quid
544 4407 575 4470 vi
597 4406 709 4470 maiori
732 4405 904 4489 accidisset,
927 4406 985 4470 hoc
1007 4407 1037 4471 ei
1051 4415 1271 4493 praestaretur,
1295 4416 1385 4492 pacto

273 4507 421 4573 standum
443 4530 519 4574 esse.
