3442 5412
927 415 1021 568 ἔξω
1047 552 1077 580 ,ν
1106 499 1351 578 sudu-„w

438 588 472 652 in
499 607 562 672 qua
587 606 621 650 se
647 585 808 670 recipiant,
836 587 916 650 siout
942 542 1034 651 rond
1047 587 1162 652 sineere
1185 596 1216 652 ot
1238 607 1276 652 er
1298 610 1385 652 mare
1408 587 1566 653 deducere.

439 690 611 776 proprietas
644 700 748 754 autem
782 711 888 756 eorum
929 698 1029 776 potest
1066 690 1204 774 intellegi
1242 691 1360 756 nullius
1397 711 1477 772 esse,
1514 691 1567 755 sed

439 793 578 858 eiusdem
612 792 688 857 iuris
721 813 796 875 esse,
832 793 919 858 ouius
952 802 983 858 et
1009 815 1094 859 mare
1122 803 1153 858 et
1181 794 1451 886 quaepubiooeut
1477 793 1567 876 mori,

438 905 522 962 terra
543 898 593 961 vel
616 897 740 962 harena.
756 881 943 974 dnos-›9-
1310 879 1553 932 menen-ceu:
1571 895 1595 928 μ
1608 900 1634 914 „
1652 900 1670 912 -

506 1003 508 1008 ,
703 1007 707 1014 ,
1236 901 1591 1055 *vetut-„ey

290 1005 348 1146 Χ,
362 1043 413 1110 n.
435 1045 498 1112 ro
520 1063 574 1126 pr.
599 1045 677 1126 urg.
701 1043 744 1110 uo
766 1043 868 1112 nvn.
890 1062 963 1112 ror.
979 1044 1008 1125 1,
1021 1046 1053 1110 u
1522 1068 1530 1076 -

481 1167 663 1229 Marcianus
691 1166 768 1229 libro
795 1169 883 1230 tertio
908 1167 1136 1230 institutionum
1182 1166 1214 1230 in
1238 1174 1371 1250 tontum,
1400 1175 1435 1231 ut
1457 1175 1488 1232 et
1510 1167 1568 1231 soli

438 1270 557 1336 domini
577 1262 805 1335 eonstituantur
824 1270 879 1354 qui
898 1269 943 1334 ibi
959 1269 1134 1375 oedipioant,
1155 1270 1207 1335 sed
1224 1270 1375 1355 quamdiu
1391 1270 1567 1335 aedificium

437 1381 557 1439 monet:
585 1374 724 1456 alioquin
747 1373 887 1438 aedilicio
910 1343 1029 1495 diffiido
1048 1365 1144 1481 ⁸gillini
1166 1375 1233 1438 iure
1255 1375 1440 1460 postliminii
1463 1395 1567 1439 rever·

437 1479 514 1542 titur
541 1477 627 1541 loeus
658 1477 690 1542 in
717 1477 884 1563 pristinam
911 1454 1047 1560 oausir'd,
1073 1451 1116 1542 'ei
1128 1459 1275 1544 ⁴''si‘olrus
1303 1479 1335 1543 in
1363 1477 1472 1543 eodem
1498 1478 1566 1544 looo

437 1573 656 1660 aedificaverit,
679 1581 747 1645 eius
769 1582 831 1646 liet.

295 1697 339 1855 p(
360 1728 498 1796 76.1.3
521 1748 575 1812 pr.
597 1729 678 1810 urg.
701 1746 745 1795 no
768 1727 852 1811 quid
874 1728 911 1794 in
933 1729 1011 1796 loeo
1034 1730 1131 1810 publ.
1147 1729 1202 1813 43,
1214 1731 1247 1795 8.

456 1849 581 1940 sCelsus
614 1848 691 1912 libro
725 1851 900 1934 trspntsimo
933 1871 1013 1913 nono
1046 1852 1231 1934 dipestorum
1279 1850 1393 1932 Litora,
1424 1849 1458 1914 in
1485 1871 1566 1934 quoe
1592 1873 1597 1882 ·

435 1953 569 2038 populus
585 1954 742 2018 Romanus
757 1941 924 2038 imperium
939 1953 1043 2036 habet,
1068 1953 1175 2038 populi
1191 1954 1324 2018 Romani
1339 1973 1406 2018 esse
1421 1953 1564 2016 arbitror.

299 2083 338 2222 p
364 2101 413 2167 n.
434 2102 459 2167 r.
477 2099 538 2183 ns
561 2100 641 2182 urg.
665 2075 708 2167 ro
730 2101 865 2166 flumin.
880 2100 936 2183 rs,
949 2100 997 2166 12.

486 2220 642 2306 Ulpianus
672 2219 749 2283 libro
780 2223 985 2305 sesupenriuto
1013 2233 1115 2284 onuoo
1142 2223 1185 2285 od
1210 2223 1342 2286 edictum
1387 2221 1565 2287 Fluminum

343 2397 346 2406 1
435 2324 590 2408 quaedam
617 2323 744 2408 publiea
770 2332 854 2404 sunt,
882 2325 1035 2409 quaedam
1058 2347 1128 2389 uon.
1175 2325 1335 2409 publicum
1359 2326 1474 2390 flumen
1498 2345 1565 2390 esse

436 2427 558 2493 Cassius
581 2426 698 2509 delinit,
722 2427 804 2511 quod
828 2448 961 2511 perenne
984 2428 1039 2492 sit:
1062 2428 1139 2493 haee
1161 2428 1317 2493 sententia
1339 2428 1446 2511 Cassii,
1471 2448 1564 2511 quam

434 2538 466 2593 et
486 2530 592 2594 Celsus
615 2531 736 2614 probat,
759 2529 973 2596 videturesse
996 2532 1174 2616 probabilis.

196 2671 201 2678 ⁴
287 2647 315 2765 l(
343 2688 413 2767 178.
435 2689 461 2754 l.
476 2687 568 2771 30,3
590 2688 671 2769 lug.
695 2686 738 2754 de
760 2705 834 2769 aeq.
856 2657 930 2755 ror.
954 2688 1045 2754 donn
1061 2687 1153 2770 41,1.

477 2807 665 2893 Pomponius
698 2807 775 2870 libro
808 2810 987 2892 tripensinto
1017 2819 1128 2892 quarto
1162 2809 1206 2871 ad
1236 2807 1398 2872 Sabinum*
1438 2809 1564 2873 Alluvio

435 2933 543 2995 agrum
570 2911 707 2975 restituit
735 2932 816 2991 eum,
846 2933 938 2996 quem
966 2913 1101 2996 impetus
1129 2912 1265 2976 fluminis
1293 2920 1394 2977 toturn
1424 2912 1515 3010 obstp
1531 2912 1563 2974 't
1708 2955 1709 2964 1

434 3016 539 3098 itaque
559 3015 585 3078 si
605 3035 685 3100 ager,
710 3014 764 3098 qui
786 3015 968 3136 'lllefflffm
985 3015 1144 3099 publicam
1160 3023 1191 3079 et
1207 3015 1320 3079 flumen
1336 3015 1407 3095 fuit,
1430 3007 1505 3079 inuis
1531 3037 1566 3078 as
1579 2995 1634 3061 ‘1²⁹⁸'

433 3119 517 3182 tione
545 3117 683 3181 fluminis
714 3127 882 3202 occupatus
912 3127 1006 3197 esset,
1040 3119 1105 3183 sive
1137 3119 1289 3203 paulatim
1322 3127 1490 3203 occupatus
1519 3127 1564 3182 est
1707 3113 1708 3120 '

433 3220 498 3284 sive
516 3243 578 3285 non
594 3221 756 3306 paulatim,
773 3222 826 3286 sed
843 3222 951 3286 eodem
967 3222 1088 3306 impetu
1104 3243 1226 3298 recessu
1238 3221 1376 3285 fluminis
1389 3222 1562 3342 restiprpus,

434 3324 474 3410 ad
493 3324 661 3408 pristinum
681 3325 841 3390 dominum
864 3326 1012 3409 pertinet:
1036 3326 1195 3391 flumina
1216 3325 1313 3390 onim
1335 3315 1672 3419 oensitorum'Tjj'l
1693 3321 1699 3341 ³

433 3427 513 3491 vice
540 3429 760 3511 funguntur,
789 3437 824 3491 nt
850 3450 888 3492 ex
916 3429 1036 3514 privato
1062 3430 1094 3492 in
1118 3430 1278 3514 publiourn
1302 3428 1450 3493 addicant
1471 3435 1502 3492 ot
1525 3449 1564 3492 er
1581 3424 1605 3504 ι’
1698 3417 1707 3426 l

433 3531 567 3615 publioo·
587 3531 620 3594 in
647 3532 818 3616 privatum:
852 3531 958 3615 itaque
989 3533 1081 3596 siouti
1112 3533 1162 3597 hio
1193 3533 1318 3608 lundon,
1352 3554 1424 3596 oum
1455 3532 1563 3596 alveus

432 3634 571 3698 fluminis
593 3636 693 3699 laetus
717 3643 806 3716 osset,
834 3635 945 3700 inisset
968 3637 1120 3721 publicus²
1147 3637 1192 3700 ito
1219 3658 1302 3702 nuno
1329 3636 1469 3721 privatus
1496 3636 1563 3700 eius

338 3769 340 3772 ·
415 3757 499 3801 fosse
522 3736 622 3818 debet,
648 3738 735 3800 ouius
759 3745 850 3802 autea
872 3738 941 3802 fuit.

357 3884 411 3949 79.
434 3884 459 3949 l.
477 3883 494 3948 l
515 3902 569 3966 pr.
595 3884 673 3965 urg.
698 3884 741 3951 de
764 3884 866 3952 diris.
889 3903 961 3953 ror.
984 3885 1013 3968 1,
1025 3886 1057 3951 8.

477 4001 579 4068 Gaius
601 4003 677 4068 libro
699 4006 828 4068 secondo
851 4008 1081 4096 institutionum
1125 4006 1255 4070 Summa
1276 4027 1379 4069 rerum
1401 4004 1513 4070 divisio
1528 4005 1562 4068 in

432 4107 508 4171 duos
540 4108 686 4172 articulos
718 4109 894 4173 deducitur:
928 4132 1001 4172 nam
1033 4103 1112 4173 aliae
1139 4116 1211 4173 sunt
1238 4107 1338 4172 divini
1367 4109 1454 4190 iuris,
1483 4107 1563 4172 oliae

432 4210 569 4274 humani.
623 4211 723 4277 divini
756 4211 833 4276 iuris
865 4220 938 4276 sunt
971 4211 1070 4275 veluti
1106 4231 1155 4274 res
1188 4231 1293 4274 sacrae
1327 4218 1357 4274 ot
1391 4209 1560 4292 religiosae.

430 4321 555 4378 sanotae
575 4336 699 4398 quoque
717 4336 775 4396 res,
798 4314 898 4378 veluti
917 4314 1000 4378 muri
1020 4321 1051 4379 et
1071 4322 1187 4399 portae,
1212 4313 1442 4398 quodammodo
1463 4312 1562 4376 divini

430 4417 506 4480 iuris
526 4425 608 4481 sunt.
654 4417 738 4500 quod
758 4425 863 4481 autem
879 4417 977 4482 divini
995 4417 1070 4481 iuris
1085 4424 1141 4496 est,
1164 4416 1196 4480 id
1212 4416 1329 4480 nullius
1344 4416 1377 4479 in
1394 4415 1483 4480 bonis
1499 4422 1560 4480 est:

431 4518 464 4581 id
486 4540 569 4602 vero,
598 4519 680 4604 quod
702 4519 838 4600 ihumani
865 4519 942 4583 iuris
970 4528 1026 4603 est,
1054 4521 1237 4604 plerumque
1260 4518 1393 4583 alieuius
1416 4519 1449 4582 in
1468 4517 1561 4581 ‘bonis
