3442 5412
869 435 1082 500 ...66-

474 606 613 690 alioquin
636 606 663 670 si
686 606 765 670 nihil
780 607 854 671 novi
869 606 988 689 feceris,
1012 607 1130 672 retineo
1146 607 1340 672 servitutem.
1373 607 1448 672 item
1464 607 1491 672 si
1507 607 1589 691 tigni

473 710 608 775 immissi
631 710 722 774 aedes
744 717 818 774 tuae
840 710 1024 776 servitutem
1047 711 1162 775 debent
1177 718 1208 775 et
1224 732 1278 794 ego
1295 731 1438 775 exemero
1454 710 1588 793 tignum,

474 813 519 878 ita
541 813 668 877 demum
690 813 801 877 amitto
823 813 873 877 ius
895 835 1012 895 meum,
1034 813 1062 878 si
1081 821 1117 878 tu
1132 816 1282 894 foramen,
1305 813 1389 878 unde
1404 821 1588 898 exemptum

474 923 520 981 est
535 916 666 999 tignum,
682 917 876 982 obturaveris
890 925 922 982 et
938 938 991 1001 per
1006 918 1213 983 constitutum
1228 925 1353 1002 tempus
1368 907 1415 982 ita
1426 915 1587 981 habueris:

475 1020 614 1103 alioquin
637 1020 664 1084 si
689 1019 768 1085 nihil
796 1021 869 1084 novi
896 1021 1014 1099 feceris,
1042 1020 1197 1106 integrum
1224 1023 1274 1085 ius
1300 1042 1393 1086 suum
1415 1027 1587 1106 permanet.

368 1155 442 1222 aet.
476 1156 500 1221 Ι.
516 1155 602 1239 2pr.
626 1156 706 1238 lllg.
730 1155 762 1220 si
784 1171 875 1223 serv.
898 1156 991 1223 vind.
1015 1157 1049 1239 8,
1062 1155 1093 1221 5.

524 1275 678 1360 Ulpianus
701 1276 778 1339 libro
799 1279 927 1358 septimo
949 1277 1064 1340 decim
1087 1277 1129 1342 ad
1149 1278 1280 1340 edictam
1315 1277 1363 1341 De
1384 1275 1590 1341 servitutibus

474 1381 507 1450 in
534 1401 600 1444 rem
628 1379 766 1444 actiones
794 1387 976 1465 competunt
998 1380 1088 1444 nobis
1111 1380 1149 1444 ad
1174 1380 1355 1465 exemplum
1378 1401 1485 1444 earum
1508 1401 1589 1465 quae

475 1483 514 1547 ad
537 1504 629 1548 usum
652 1485 788 1548 fructum
812 1485 978 1567 pertinent,
1002 1492 1068 1549 tam
1092 1483 1279 1550 confessoria
1301 1505 1396 1569 quam
1418 1484 1588 1566 negatoria,

474 1588 662 1652 confessoria
684 1587 713 1652 ei
736 1587 790 1671 qui
812 1587 979 1652 servitutes
1002 1587 1063 1652 sibi
1091 1595 1266 1672 competere
1295 1587 1464 1668 contendit,
1494 1609 1587 1671 nega·

473 1692 554 1755 toria
577 1691 704 1756 domino
726 1691 781 1775 qui
802 1699 904 1774 negat.

366 1825 447 1890 ees.
474 1824 1111 1908 rnuorcroum‘uapossrocus’utnc
1124 1825 1305 1910 (nmina
1314 1825 1587 1912 pappapesr).

517 1938 573 2003 Uti
600 1959 634 2002 co
662 1939 758 2002 fundo
782 1959 843 2021 quo
867 1939 905 2002 de
927 1939 1030 2022 agitur
1052 1960 1109 2003 nec
1131 1939 1163 2002 vi
1186 1960 1243 2003 nec
1266 1939 1346 2003 clam
1369 1961 1426 2003 nec
1449 1941 1588 2024 precario

474 2041 553 2106 alter
576 2042 615 2105 ab
639 2041 735 2106 altero
758 2042 887 2106 utimini
910 2041 1061 2124 fruimini,
1084 2063 1145 2126 quo
1169 2042 1273 2107 minus
1293 2043 1338 2106 ita
1353 2043 1488 2107 utamini
1505 2044 1588 2107 frua·

474 2145 562 2224 mini,
585 2145 650 2208 vim
673 2146 740 2210 fieri
763 2152 844 2210 veto.

366 2280 464 2346 298⁸.
486 2280 545 2346 1.1
567 2299 621 2364 pr.
645 2281 726 2362 mg.
750 2281 793 2347 de
815 2280 947 2347 itinere
969 2281 1118 2362 actuque
1141 2281 1280 2364 privetu
1295 2280 1350 2364 43,
1362 2280 1414 2346 19.

525 2403 681 2491 Ulpianus
700 2404 777 2468 libro
793 2408 1035 2490 septaapansc'mo
1051 2409 1093 2470 ad
1107 2409 1240 2472 edictrcm
1283 2407 1411 2472 Praetor
1427 2409 1485 2473 ait:
1511 2409 1586 2487 ‘Quo

475 2509 596 2572 ‘itinere
626 2516 758 2592 actuque
789 2509 922 2592 privato,
957 2531 1017 2593 quo
1051 2510 1089 2573 de
1119 2512 1230 2593 agitur,
1263 2510 1314 2576 vel
1342 2511 1393 2574 via
1419 2511 1477 2575 hoc
1506 2533 1586 2576 anno

474 2612 541 2677 ‘nec
568 2613 600 2675 vi
626 2633 684 2676 nec
710 2612 790 2676 clam
819 2633 876 2676 nec
903 2613 1041 2696 precario
1069 2614 1108 2678 ab
1137 2614 1191 2678 illo
1219 2635 1293 2680 usus
1320 2635 1363 2695 es,
1392 2635 1452 2698 quo
1481 2615 1586 2678 minus

474 2717 529 2780 ‘ita
552 2716 661 2794 utaris,
685 2713 749 2778 vim
773 2715 841 2778 fieri
863 2715 955 2780 veto.’

368 2854 448 2921 299.
479 2853 542 2920 c.l
565 2852 647 2919 Cod.
672 2852 715 2917 de
736 2851 1000 2937 emphyteutico
1022 2852 1100 2919 lure
1115 2852 1148 2933 4,
1161 2852 1218 2920 66.

517 2961 596 3048 Imp.
616 2963 698 3026 Zeno
717 2965 756 3026 A.
769 2963 950 3029 Sebastiano
957 2985 1014 3048 pp.
1032 2966 1076 3047 (a.
1091 2962 1277 3046 476-484)
1313 2967 1366 3029 lus
1378 2965 1585 3052 emphyteuti-

474 3068 592 3132 carium
613 3087 714 3151 neque
736 3066 950 3131 conductionis
965 3089 1066 3151 neque
1083 3068 1281 3134 alienationis
1297 3089 1363 3132 esse
1378 3069 1479 3133 titulis
1495 3069 1584 3132 addi-

474 3170 617 3248 cendum,
647 3170 701 3234 sed
728 3170 786 3234 hoc
812 3170 862 3233 ius
890 3171 1016 3235 tertium
1045 3172 1086 3235 sit
1116 3172 1321 3235 constitutum
1353 3172 1391 3235 ab
1422 3171 1584 3256 utriusque

473 3280 715 3338 memoratorum
728 3279 943 3337 contractuum
955 3274 1102 3338 societate
1114 3295 1169 3339 seu
1179 3275 1386 3339 similitudine
1396 3282 1584 3359 separatum,

474 3378 707 3461 conceptionem
730 3376 1006 3460 definitionemque
1025 3377 1139 3441 habere
1158 3378 1316 3462 propriam
1336 3392 1366 3442 et
1383 3379 1502 3442 iustum
1517 3399 1583 3444 esse

472 3480 674 3563 validumque
703 3487 907 3561 contractum,
937 3481 969 3544 in
993 3502 1052 3565 quo
1077 3489 1198 3561 cuncta,
1226 3502 1306 3564 quae
1332 3482 1583 3566 interutrasque

474 3583 725 3648 contrahentium
745 3589 848 3666 partes
864 3604 956 3668 super
973 3585 1116 3649 omnibus
1131 3585 1180 3649 vel
1198 3586 1292 3649 etiam
1308 3585 1445 3649 fortuitis
1461 3584 1583 3648 casibus

474 3684 672 3771 pactionibus
702 3687 856 3770 scriptura
886 3686 1111 3752 interveniente
1137 3687 1254 3752 habitis
1280 3688 1465 3773 placuerint,
1494 3688 1583 3750 firma

471 3790 657 3874 illibataque
677 3797 827 3874 perpetua
847 3790 1019 3854 stabilitate
1038 3791 1140 3854 modis
1161 3791 1306 3855 omnibus
1326 3791 1461 3856 debeant
1481 3799 1581 3854 custo·

472 3893 532 3957 diri
555 3902 612 3958 etc.

366 4015 448 4081 300.
470 4015 529 4080 l.l
551 4034 606 4099 pr.
628 4015 709 4096 Dig.
734 4014 776 4080 de
799 4013 1052 4096 superficiebus
1071 4014 1187 4094 43‚18.

522 4126 675 4210 Ulpianus
698 4127 775 4189 libro
796 4129 1039 4212 saptaapeasiaao
1060 4129 1102 4190 acl
1120 4129 1250 4192 edictam
1286 4129 1342 4193 Ait
1356 4135 1493 4212 praetor:
1519 4127 1580 4192 ‘Uti

474 4231 522 4294 ‘ex
545 4230 612 4312 lege
634 4230 799 4294 locationis
822 4232 888 4294 sive
912 4230 1125 4295 conductionis
1145 4232 1316 4316 superficie,
1340 4250 1402 4313 qua
1418 4230 1455 4295 de
1471 4231 1579 4313 agitur,

472 4336 540 4397 ‘nec
562 4335 594 4397 vi
617 4355 674 4396 neo
701 4333 783 4397 clam
809 4355 866 4397 nec
893 4335 1030 4417 precario
1060 4334 1138 4398 alter
1161 4335 1200 4399 ab
1224 4335 1320 4399 altero
1343 4333 1495 4414 fruimini,
1522 4354 1580 4417 quo

472 4438 586 4501 ‘minus
608 4437 766 4519 fruamini,
791 4437 856 4500 vim
876 4437 943 4500 fieri
964 4445 1044 4503 veto.
1089 4438 1115 4501 si
1140 4460 1202 4521 qua
1225 4439 1287 4502 alia
1310 4437 1389 4502 actio
1413 4438 1452 4502 de
1474 4457 1578 4521 super-

472 4540 551 4604 ‘ficie
574 4539 794 4625 postulabitur,
818 4559 911 4603 causa
935 4540 1057 4623 cognita
1080 4538 1179 4605 dabo?
