3442 5412
838 399 1052 462 ..90-

446 576 501 649 est,
529 569 556 632 is
584 569 637 652 qui
664 574 787 633 recusat
814 568 986 654 adimplere
1009 575 1213 649 contractum,
1236 569 1263 633 si
1286 569 1413 654 quidem
1436 573 1558 654 emptor

445 679 500 755 est,
532 672 635 756 perdit
663 672 745 754 quod
772 671 868 752 dedit,
896 671 922 735 si
949 693 1022 737 vero
1050 672 1203 755 venditor,
1236 672 1367 758 duplum
1394 671 1556 736 restituere

446 774 652 859 compellitur,
675 775 749 839 licet
770 774 849 839 nihil
871 795 965 860 super
988 775 1065 840 arris
1088 795 1267 860 expressum
1290 783 1347 839 est.

337 922 416 988 394.
446 923 472 988 l.
489 921 572 1005 34‚1
594 922 673 1005 hig.
698 922 740 989 de
764 924 877 989 contr.
900 921 1112 1006 empt.18,l.

489 1042 637 1107 Omnium
657 1063 771 1122 rerum,
796 1062 872 1127 quas
893 1043 964 1125 quis
981 1043 1094 1106 habere
1109 1043 1159 1108 vel
1174 1043 1332 1127 possidere
1349 1043 1399 1107 vel
1413 1043 1556 1128 persequi

445 1153 555 1232 potest,
576 1145 715 1211 venditio
735 1152 818 1210 recte
837 1146 886 1209 fic:
911 1165 988 1230 quas
1004 1166 1077 1210 vero
1092 1153 1205 1210 natura
1221 1146 1270 1210 vel
1285 1145 1425 1227 gentium
1441 1145 1489 1210 ius
1505 1145 1556 1209 vel

444 1270 545 1314 mores
565 1243 702 1315 civitatis
722 1249 906 1313 commercio
927 1256 1090 1332 exuerunt,
1114 1270 1219 1312 earum
1241 1250 1329 1314 nulla
1345 1248 1482 1314 venditio
1498 1255 1554 1312 est.

337 1402 416 1468 395.
444 1402 469 1467 l.
485 1402 527 1466 28
550 1401 630 1483 sig.
654 1400 697 1467 de
721 1401 834 1468 contr.
857 1400 1076 1484 empt.18,1.

495 1521 648 1608 Ulpianus
681 1521 759 1584 libro
791 1523 1047 1606 qnndrepensc'nm
1075 1523 1183 1604 pmcne
1212 1522 1255 1584 ud
1279 1519 1434 1588 Sabinum
1477 1521 1555 1586 Rem

445 1626 578 1690 alienam
596 1625 766 1689 distrahere
782 1646 875 1710 quem
890 1645 979 1710 posse
994 1625 1084 1716 nulla?
1097 1624 1251 1689 dubitatio
1267 1632 1328 1689 est:
1349 1647 1423 1689 nam
1439 1623 1554 1710 emptio

444 1736 492 1794 est
514 1736 545 1793 et
566 1728 720 1794 venditio:
744 1728 797 1792 sed
820 1749 868 1793 res
890 1728 1024 1813 emptori
1047 1727 1162 1792 auferri
1184 1733 1295 1814 potest.

337 1869 417 1934 396.
445 1869 471 1934 l.
487 1867 548 1951 8,l
570 1867 652 1950 llig.
675 1866 719 1934 dc
742 1867 855 1934 contr.
880 1867 987 1950 empt.
1002 1865 1095 1946 18,1.

487 1986 679 2069 Pomponius
706 1985 784 2049 libro
810 2007 891 2050 ncnc
918 1987 961 2050 cd
986 1983 1140 2050 Sabinum
1184 1985 1363 2071 Aliquando
1391 1993 1497 2050 tamen
1524 1992 1554 2051 et

444 2091 510 2155 sine
537 2113 570 2154 re
597 2089 735 2153 venditio
763 2089 964 2171 intellegitur,
998 2089 1097 2154 veluti
1124 2111 1195 2153 cum
1223 2090 1312 2173 quasi
1339 2089 1408 2154 olea
1430 2089 1552 2153 emitur.

445 2194 527 2279 quod
542 2194 587 2274 fit,
611 2214 682 2256 cum
698 2199 825 2276 captum
840 2191 973 2277 piscium
990 2192 1039 2257 vel
1055 2192 1161 2256 avium
1178 2193 1227 2257 vel
1242 2192 1411 2257 missilium
1425 2193 1552 2257 emitur:

444 2297 559 2380 emptio
588 2297 672 2359 enim
700 2295 893 2359 contrahitur
919 2295 1015 2359 etism
1043 2296 1070 2360 si
1097 2295 1176 2360 nihil
1203 2295 1358 2377 inciderit,
1390 2295 1464 2381 quia
1489 2295 1554 2381 spei

445 2401 561 2484 emptio
584 2405 644 2462 est:
668 2405 699 2461 et
722 2397 805 2480 quod
827 2396 996 2462 missilium
1018 2399 1144 2464 nomine
1165 2419 1200 2462 eo
1221 2419 1295 2463 casu
1314 2406 1441 2483 captum
1460 2406 1508 2463 est
1527 2398 1554 2463 si

445 2502 581 2566 evictum
596 2500 700 2580 luerit,
716 2500 803 2563 nulla
818 2521 854 2566 eo
870 2499 996 2565 nomine
1011 2521 1050 2564 ex
1067 2509 1171 2586 empto
1188 2500 1334 2584 obligatio
1351 2499 1553 2580 contrahitur,

443 2604 517 2691 quia
540 2604 571 2667 id
596 2611 700 2667 actum
723 2603 925 2686 intellegitur.

336 2741 413 2807 397.
443 2742 468 2807 l.
485 2738 545 2821 7,l
568 2738 647 2821 hig.
671 2738 715 2805 de
739 2739 852 2805 contr.
877 2738 984 2821 empt
999 2737 1092 2819 18,l.

494 2859 647 2944 Ulpianus
674 2859 753 2921 libro
782 2860 945 2922 uicensimo
974 2869 1077 2922 octacm
1104 2861 1147 2923 ad
1171 2859 1324 2924 Sabinum
1367 2859 1553 2924 Huiusmodi

445 2963 561 3047 emptio
581 2962 702 3046 ‘quanti
721 2970 757 3025 tu
777 2983 850 3026 eum
865 2959 988 3042 emisti’,
1013 2962 1175 3045 ‘quantum
1192 2962 1285 3046 pretii
1299 2964 1333 3029 in
1349 2986 1421 3028 arca
1436 2961 1552 3042 habeo’,

338 3072 363 3146 ἐἴ
443 3067 541 3130 valet:
565 3086 622 3129 nec
642 3065 726 3128 enim
741 3064 897 3129 incertum
913 3072 959 3128 est
974 3065 1109 3148 pretium
1125 3081 1191 3128 tem
1207 3066 1344 3131 evidenti
1359 3066 1552 3132 venditione:

444 3169 541 3253 magis
562 3169 646 3232 enim
663 3169 832 3252 ignoratur,
858 3168 969 3252 quanti
990 3175 1112 3252 emptus
1132 3169 1184 3252 sit,
1204 3190 1298 3254 quem
1313 3170 1347 3234 in
1363 3170 1408 3234 rei
1423 3171 1553 3234 veritate

443 3274 595 3337 incertum
619 3277 676 3335 est.

336 3409 415 3474 398.
445 3408 508 3473 Ι.8
529 3425 584 3490 pr.
607 3407 689 3488 Dig.
712 3405 756 3473 de
778 3407 888 3488 perio.
912 3407 949 3473 et
971 3424 1097 3473 comm.
1119 3407 1175 3473 rel
1196 3408 1296 3475 vend.
1312 3407 1365 3492 18,
1381 3408 1414 3472 6.

486 3526 608 3590 Pontus
630 3525 707 3589 libro
730 3528 885 3610 tmpesivno
908 3529 996 3590 tertio
1019 3529 1061 3590 ad
1082 3530 1212 3592 edictum
1252 3528 1431 3593 Necessario
1454 3528 1552 3592 scien-

444 3630 519 3694 dum
552 3636 607 3708 est,
643 3628 767 3711 quando
795 3629 933 3712 perfecta
959 3629 1001 3693 sit
1028 3630 1160 3715 emptio:
1194 3639 1270 3695 tunc
1296 3631 1379 3695 enim
1410 3631 1553 3711 sciemus,

444 3733 531 3797 cuius
554 3732 729 3817 periculum
751 3732 805 3797 sit:
840 3753 914 3795 nam
936 3734 1108 3817 perlecta
1130 3734 1320 3819 emptione
1343 3733 1553 3819 periculum

442 3836 485 3900 ad
517 3843 721 3921 emptorem
747 3835 939 3920 respiciet.
985 3844 1016 3900 et
1038 3837 1066 3900 si
1087 3837 1121 3900 id
1144 3837 1226 3920 quod
1250 3837 1382 3902 venierit
1404 3845 1554 3923 appareat

442 3940 518 4026 quid
546 3939 636 4023 quale
664 3948 878 4024 quantumque
905 3940 955 4020 sit,
990 3940 1031 4004 sit
1058 3949 1089 4004 et
1114 3941 1259 4025 pretium,
1294 3949 1325 4006 et
1352 3962 1429 4026 pure
1456 3941 1552 4021 venit,

442 4045 579 4127 perfecta
602 4049 648 4106 est
674 4042 799 4126 emptio.

335 4177 416 4244 399.
443 4178 468 4243 1.
485 4175 568 4260 cul
590 4177 670 4258 hig.
694 4177 737 4244 de
760 4179 874 4245 contr.
899 4179 1005 4259 empt.
1021 4176 1114 4260 18,1.

492 4295 642 4378 Ulpianus
664 4296 741 4360 libro
763 4300 917 4382 tripertmo
940 4309 1050 4382 quarto
1073 4299 1116 4362 cd
1137 4297 1291 4364 Sabinum
1324 4301 1383 4378 Qui
1400 4299 1551 4379 vendidit,

336 4427 339 4433 ·
442 4421 566 4464 necesse
592 4422 655 4465 non
683 4401 777 4466 habet
804 4402 937 4465 fundum
969 4402 1118 4485 emptoris
1145 4404 1255 4487 fecere,
1290 4412 1325 4468 ut
1352 4405 1472 4488 cogitur
1500 4402 1554 4489 qui

440 4503 573 4567 fundum
596 4505 760 4589 stipulanti
782 4505 959 4592 spopondit.
