3442 5412
839 461 880 473 -
925 425 945 490 3
989 461 1031 470 -

336 595 473 664 34.1.6
497 596 578 678 Dig.
601 596 645 662 de
668 596 742 663 suis
765 596 802 662 et
822 597 922 678 legit.
945 597 1066 664 hered.
1083 597 1201 680 38,16.

454 717 600 782 Iulianus
615 716 692 780 libro
705 720 982 803 quiuquupuuiano
993 740 1073 782 aeuo
1084 721 1270 803 dipestoauua
1302 719 1404 784 Titius
1416 719 1543 785 exhere-

411 821 483 886 dato
500 820 564 885 filio
580 828 762 885 extraneum
775 821 920 886 heredem
932 823 989 887 sub
1002 822 1183 888 condicione
1194 823 1347 888 instituit:
1366 823 1543 908 quaesitum

411 931 467 1004 est,
496 924 523 988 si
550 931 621 1009 post
647 934 778 989 mortem
807 927 904 1009 patris
926 926 1082 1011 pendente
1106 926 1285 992 condicione
1307 926 1391 991 filius
1414 947 1542 993 uxorem

410 1025 549 1091 duxisset
579 1033 610 1090 et
636 1027 737 1090 filium
764 1035 955 1111 procreasset
982 1041 1015 1093 et
1042 1028 1233 1112 decessisset,
1264 1029 1375 1094 deinde
1403 1030 1542 1095 condicio

410 1128 548 1193 instituti
577 1129 699 1194 heredis
731 1129 906 1212 defecisset,
939 1153 978 1196 an
1009 1133 1047 1196 ad
1078 1131 1160 1196 hunc
1190 1139 1370 1216 postumum
1395 1139 1542 1218 nepotem

410 1232 550 1316 legitima
573 1233 728 1298 hereditas
751 1234 800 1297 avi
824 1234 1000 1320 pertineret.
1047 1235 1219 1320 respondit:
1243 1236 1297 1320 qui
1320 1243 1542 1321 postmortem

411 1335 461 1399 avi
489 1335 537 1398 sui
561 1335 744 1420 coneipitur,
772 1337 800 1401 is
823 1359 924 1423 neque
947 1337 1119 1420 legitimam
1142 1338 1348 1403 hereditatem
1371 1339 1436 1403 eius
1459 1346 1541 1404 tam-

411 1458 506 1521 quam
533 1459 608 1502 suus
630 1439 717 1504 heres
741 1460 842 1523 neque
869 1441 1021 1505 bonorum
1050 1441 1276 1526 possessionem
1304 1449 1466 1524 tamquam
1492 1463 1542 1506 co·

410 1548 522 1623 gnatus
546 1542 684 1627 accipere
699 1550 811 1627 petest,
835 1543 909 1627 quia
925 1543 975 1607 lex
991 1543 1156 1608 duodecim
1170 1545 1349 1608 tabularum
1365 1565 1436 1608 eum
1451 1552 1542 1608 vocat

409 1642 449 1708 ad
471 1642 688 1727 hereditatem,
714 1644 768 1728 qui
791 1646 943 1710 moriente
966 1667 1011 1726 eo,
1035 1645 1073 1709 de
1097 1647 1185 1710 euius
1208 1646 1297 1712 bonis
1317 1646 1485 1731 quaeritur,
1508 1646 1540 1710 in

409 1767 513 1810 rerum
535 1753 649 1810 natura
671 1746 776 1826 luerit,

334 1901 389 1967 35.
411 1901 471 1967 Η
491 1903 573 1984 lug.
597 1902 640 1969 de
664 1904 737 1970 suis
760 1904 797 1970 et
818 1903 919 1986 legit.
942 1903 1063 1976 hored.
1079 1903 1199 1987 aulo.

453 2022 556 2086 Celsus
579 2022 655 2086 libro
677 2026 838 2087 uueneiuao
860 2036 963 2088 oetaeo
986 2027 1171 2109 dipeetcrum
1208 2025 1257 2089 vel
1280 2025 1306 2090 si
1322 2024 1394 2090 vivo
1414 2045 1449 2088 eo
1470 2044 1540 2088 con·

409 2133 516 2209 ceptus
541 2134 597 2207 est,
621 2126 695 2210 quia
718 2134 885 2212 conceptus
907 2128 1136 2212 quodammodo
1159 2128 1193 2192 in
1215 2149 1319 2192 rerum
1341 2133 1451 2191 natura
1475 2146 1541 2190 esse

410 2227 619 2291 existimatur.

333 2366 390 2432 36.
413 2367 437 2431 l.
453 2365 513 2431 231
535 2366 616 2448 Dig.
639 2366 683 2433 de
704 2371 802 2435 verb.
826 2369 945 2451 signif.
961 2369 1021 2452 ὅθ,
1032 2368 1084 2435 16.

355 2514 359 2520 ·
451 2485 571 2548 Paulus
602 2486 680 2549 libro
711 2489 869 2572 stapulara'
898 2489 941 2551 ud
965 2503 1088 2552 aeuctua
1114 2488 1286 2552 cucullam
1315 2487 1542 2551 Tertullianum

408 2588 496 2666 Quod
513 2588 645 2656 dicimus
662 2611 744 2670 eum,
768 2591 822 2674 qui
838 2592 921 2656 nasci
937 2601 1090 2676 speretur,
1113 2613 1168 2676 pro
1191 2591 1357 2675 superstite
1374 2611 1449 2670 esse,
1467 2598 1541 2653 tunc

407 2719 516 2762 verum
537 2701 593 2776 est,
618 2716 688 2758 cum
709 2695 747 2758 de
766 2693 864 2778 ipsius
884 2694 951 2758 iure
967 2693 1141 2778 quaeritur:
1166 2692 1235 2758 eliis
1252 2700 1357 2756 autem
1372 2714 1435 2757 non
1450 2690 1541 2776 pred-

408 2809 455 2866 est
477 2800 539 2866 uisi
562 2807 663 2864 natus

333 2939 384 3005 37.
406 2939 489 3007 l.10
512 2938 596 3020 ltig.
619 2938 662 3005 de
685 2937 781 3004 statu
802 2937 897 3004 hom.
913 2936 943 3019 1,
955 2936 987 3002 5.

458 3057 615 3143 Ulpianus
642 3057 719 3120 libro
739 3060 842 3142 ptumo
865 3058 908 3120 ud
929 3055 1085 3122 Sabinum
1129 3056 1306 3134 Quaeritur:
1339 3025 1550 3139 hermaphross

408 3161 510 3226 ditum
531 3162 582 3227 cui
599 3161 835 3246 comparemus?
859 3169 890 3226 et
906 3160 1004 3243 magis
1019 3167 1095 3244 puto
1112 3160 1177 3223 eius
1193 3179 1284 3223 sexus
1301 3156 1539 3236 aestimandum,

292 3313 297 3326 .
409 3265 462 3348 qui
484 3265 517 3329 in
542 3287 577 3330 eo
600 3265 769 3350 praevalet.

330 3402 384 3468 38.
407 3403 578 3487 Ulpianus
600 3403 664 3469 liu.
688 3403 778 3484 sing.
803 3421 879 3484 reg.
902 3402 948 3486 11,
959 3402 1014 3467 28.

450 3525 603 3600 Puberem,
638 3524 779 3588 Cassiani
813 3524 938 3610 quidem
974 3545 1045 3587 eum
1080 3543 1146 3586 esse
1184 3523 1301 3600 dicunt,
1339 3521 1393 3602 qui
1430 3520 1541 3584 habitu

406 3627 544 3711 eorporis
567 3628 665 3712 pubes
688 3627 828 3713 apparet,
852 3627 884 3691 id
905 3633 951 3690 est
971 3626 1028 3710 qui
1045 3645 1190 3722 geperare
1211 3623 1321 3708 possit:
1346 3623 1540 3687 Proculeiani
1577 3677 1579 3688 ,

406 3736 513 3800 autem
534 3752 616 3811 eum,
640 3731 693 3816 qui
714 3729 963 3814 quattuordecim
983 3747 1080 3791 annos
1101 3727 1246 3810 explevit.
1292 3746 1400 3790 verum
1418 3726 1540 3790 Priscus

409 3854 480 3896 eum
510 3833 659 3918 puberem
690 3854 767 3911 esse,
802 3833 834 3897 in
863 3853 955 3916 quem
982 3841 1151 3914 utrumque
1178 3829 1332 3894 concurrit
1358 3835 1389 3893 et
1415 3829 1540 3894 habitus

408 3937 544 4020 corporis
568 3943 599 4001 et
621 3957 770 4001 numerus
794 3957 956 4000 annorum.

332 4091 389 4157 ae.
413 4092 438 4157 r.
453 4091 514 4175 ue
537 4092 617 4174 urg.
640 4093 683 4160 es
706 4054 835 4158 aeman.
859 4092 896 4157 et
916 4091 1026 4175 pern.
1048 4090 1115 4156 tue
1131 4090 1226 4172 aen.

457 4211 613 4298 Ulpianus
636 4213 714 4276 libro
737 4215 890 4298 trepaeimo
905 4214 1012 4297 quiuto
1028 4213 1070 4274 ad
1084 4211 1213 4275 edietum
1250 4210 1371 4275 Sufficit
1386 4208 1539 4274 tutoribus

408 4315 447 4378 ad
459 4316 586 4399 plenem
599 4317 820 4398 defensionem,
833 4316 899 4380 sive
910 4317 971 4401 ipsi
981 4315 1132 4380 iudicium
1144 4315 1316 4408 srlsle'upiant
1326 4315 1391 4377 sive
1403 4306 1539 4397 pupillus

409 4417 484 4500 ipsis
507 4420 697 4501 auctoribus,
722 4441 778 4483 nec
802 4417 931 4502 cogendi
953 4427 1027 4483 sunt
1041 4425 1159 4482 tutores
1175 4439 1292 4496 cavere,
1315 4423 1350 4479 ut
1366 4415 1540 4480 defensores

407 4521 517 4584 solent.
541 4521 670 4586 licentia
689 4521 785 4604 igitur
799 4521 867 4604 erit,
892 4529 999 4585 utrum
1013 4521 1126 4584 malint
1141 4519 1201 4605 ipsi
1217 4518 1373 4602 suscipere
1387 4517 1539 4582 iudicium
