3442 5412
862 409 1075 474 ..46-

466 581 556 648 nobis
583 581 805 666 adquiruntur:
840 581 919 646 nihil
947 582 1032 647 enim
1057 589 1124 646 tam
1152 581 1340 648 conveniens
1367 591 1414 648 est
1440 585 1577 651 naturali

467 685 617 770 aequitati
640 706 734 768 quam
749 685 943 750 voluntatem
960 684 1079 750 domiui
1095 685 1229 752 volentis
1244 707 1309 750 rem
1325 705 1415 750 suam
1430 687 1464 751 iu
1479 688 1577 752 alium

466 790 633 855 transferre
655 794 756 852 ratam
779 788 895 852 haberi.

358 951 438 1017 208.
465 949 542 1034 ยง41
566 949 655 1017 lust.
679 950 722 1017 de
744 967 816 1017 rer.
839 949 942 1016 diris.
966 950 999 1030 2,
1010 949 1038 1016 1.

510 1075 571 1140 Sed
597 1073 624 1139 si
650 1073 778 1159 quidem
801 1096 839 1139 ex
861 1095 956 1139 eausa
979 1074 1155 1140 donationis
1179 1083 1234 1140 ant
1255 1074 1339 1140 dotis
1360 1084 1415 1140 aut
1436 1078 1577 1161 qnalibet

432 1165 434 1171 ยน
467 1180 529 1244 alia
556 1200 594 1242 ex
620 1199 713 1243 eausa
740 1178 913 1256 tradantur,
944 1178 1011 1242 sine
1034 1178 1128 1243 dubio
1151 1180 1397 1244 transferuutur:
1429 1181 1576 1247 venditae

466 1303 539 1347 vero
567 1289 599 1346 et
621 1281 756 1345 traditae
778 1302 840 1344 non
865 1280 956 1345 aliter
978 1281 1113 1365 emptori
1135 1281 1353 1366 adquiruntur,
1381 1303 1477 1366 quam
1499 1285 1526 1350 si
1549 1286 1576 1349 is

466 1385 622 1450 venditori
644 1385 780 1470 pretinm
804 1385 932 1449 solverit
953 1385 1003 1449 vel
1028 1384 1089 1449 alio
1104 1384 1197 1450 modo
1213 1385 1242 1450 11
1258 1385 1453 1467 satisfecerit,
1476 1389 1575 1454 veluti

467 1487 692 1574 expromissore
719 1494 774 1551 aut
796 1487 923 1571 pignore
947 1487 1029 1552 dato.
1075 1487 1157 1570 quod
1181 1496 1308 1553 cavetur
1330 1489 1457 1573 quidem
1480 1491 1576 1556 etiam

418 1655 420 1660 .
465 1593 532 1675 lege
548 1591 712 1657 duodecim
730 1590 922 1655 tabularum:
946 1600 1052 1655 tamen
1066 1600 1150 1656 reete
1166 1591 1281 1656 dieitur
1296 1599 1328 1656 et
1342 1591 1410 1657 iure
1425 1594 1574 1677 gentium,

466 1695 498 1759 id
526 1703 571 1759 est
598 1697 666 1759 inre
693 1694 839 1776 naturali,
867 1693 901 1759 id
927 1694 1019 1758 eifioi.
1061 1693 1114 1759 sed
1141 1693 1168 1758 ie
1190 1695 1217 1759 is
1240 1695 1294 1778 qni
1316 1694 1460 1760 vendidit
1480 1697 1574 1761 fidem

466 1797 615 1883 emptoris
642 1804 766 1863 seoutus
793 1798 902 1878 fuerit,
930 1796 1098 1862 dioendnm
1124 1805 1171 1862 est
1196 1798 1303 1863 statim
1333 1819 1399 1864 rem
1426 1801 1574 1885 emptoris

466 1902 542 1966 sreri.

358 2069 440 2134 209.
462 2068 487 2133 l.
504 2066 545 2133 61
565 2067 647 2148 mg.
671 2065 714 2134 de
736 2065 828 2149 paot.
852 2064 945 2148 2,14.

508 2187 701 2272 Pomponiae
723 2185 800 2249 libro
822 2207 901 2249 nono
923 2186 966 2250 od
987 2184 1139 2250 Sabinum
1182 2187 1281 2251 Nemo
1304 2187 1487 2272 paciscendo
1509 2189 1574 2252 effi-

466 2313 535 2356 1111
557 2297 670 2375 potest,
699 2311 738 2353 ne
761 2289 822 2353 sibi
849 2289 951 2353 looum
980 2309 1073 2353 snum
1095 2288 1238 2354 dedicare
1259 2289 1352 2354 liceat
1376 2297 1430 2354 aut
1452 2311 1491 2354 ne
1514 2289 1573 2354 sibi

465 2395 496 2458 in
521 2415 576 2458 suo
599 2392 729 2476 sepelire
752 2400 911 2457 mortuum
933 2391 1026 2456 lioeat
1048 2398 1103 2456 aut
1122 2413 1161 2456 ne
1176 2391 1280 2456 rioino
1296 2393 1396 2457 invito
1411 2392 1573 2478 praedium

466 2497 590 2562 alienet.

357 2662 432 2729 alo.
464 2662 637 2746 Ulplauns
660 2660 725 2727 lio.
748 2659 840 2742 sing.
863 2677 939 2742 reg.
961 2659 1014 2744 19,
1026 2661 1059 2726 8.

507 2792 664 2877 Usuoapio
693 2798 740 2856 est
767 2790 900 2855 dominii
927 2790 1052 2876 adeptio
1080 2812 1135 2876 per
1161 2791 1426 2856 continuationem
1453 2810 1572 2874 posses-

465 2895 562 2959 sionis
586 2895 661 2958 anni
683 2893 734 2958 vel
756 2893 886 2958 biennii.
930 2893 971 2974 of.
990 2893 1045 2956 13
1068 2894 1111 2957 D.
1135 2893 1171 2957 de
1192 2915 1300 2976 usurp.
1323 2904 1352 2956 et
1372 2915 1456 2957 1111.
1479 2894 1531 2975 41,
1544 2893 1573 2956 3.

356 3075 542 3142 21111111
564 3076 637 3142 no.
654 3073 721 3158 6,3
745 3072 824 3157 (Cia.
847 3085 908 3159 top.
926 3071 972 3159 4).
1058 3087 1060 3092 โด

506 3196 589 3261 Usus
617 3194 785 3259 auotoritas
807 3194 898 3258 fundi
919 3194 1081 3258 biennium
1103 3202 1159 3274 est,
1188 3203 1360 3259 ceterarum
1382 3215 1485 3258 rerum
1508 3215 1573 3258 om-

463 3301 550 3363 nium
574 3335 617 3345 -
639 3319 761 3362 annuns
784 3304 831 3362 est
853 3318 937 3362 usus.

371 3463 438 3529 211.
460 3462 522 3528 11
547 3461 628 3543 Dig.
651 3478 716 3544 pro
740 3477 803 3526 suo
825 3458 942 3539 41,lo.

508 3581 658 3646 Neratius
673 3581 750 3644 libro
766 3583 876 3665 quinto
890 3580 1139 3645 membranorum
1169 3581 1326 3666 Usuoapio
1342 3603 1456 3664 rerum,
1479 3583 1575 3646 etiam

466 3710 504 3752 ex
539 3686 608 3750 aliis
641 3685 743 3750 causis
775 3705 921 3749 concessa
954 3684 1092 3760 interim,
1126 3693 1251 3770 propter
1282 3706 1328 3766 ea,
1363 3705 1442 3769 quae
1469 3693 1576 3749 nostra

466 3790 681 3855 existimantes
708 3786 946 3872 possideremus,
981 3786 1150 3851 constituta
1178 3795 1234 3866 est,
1268 3794 1304 3851 ut
1331 3788 1443 3873 aliquis
1470 3787 1576 3852 litium

464 3894 535 3958 finis
563 3900 654 3957 esset.
700 3891 755 3956 sed
781 3891 824 3970 id,
853 3892 935 3974 quod
963 3891 1043 3974 quis,
1072 3911 1143 3954 oum
1170 3911 1261 3955 suum
1284 3913 1349 3956 osse
1372 3889 1574 3969 existimaret,

465 3996 649 4081 possederit,
682 3995 854 4078 usuoapiet,
888 3993 1012 4059 etiamsi
1045 3993 1124 4057 falsa
1156 3993 1250 4058 fuerit
1280 3994 1346 4058 eius
1373 3995 1574 4058 existimatio.

465 4099 547 4183 quod
570 4107 677 4163 tamen
699 4099 745 4162 ita
766 4097 1035 4181 interpretandum
1057 4106 1112 4179 est,
1137 4105 1174 4162 ut
1188 4097 1359 4182 probabilis
1376 4118 1460 4161 error
1474 4097 1576 4182 possi-

465 4203 568 4266 dentis
584 4201 767 4285 usucapioni
783 4221 845 4264 nou
862 4201 971 4282 obstet,
995 4199 1094 4265 veluti
1109 4199 1136 4264 si
1151 4200 1189 4264 ob
1205 4199 1238 4264 id
1254 4200 1373 4284 aliquid
1388 4200 1575 4284 possideam,

465 4303 548 4387 quod
571 4325 696 4369 servum
718 4324 823 4367 meum
848 4310 902 4367 aut
917 4303 992 4385 eius,
1017 4302 1104 4366 ouius
1126 4303 1160 4367 in
1178 4304 1283 4368 looum
1298 4303 1484 4368 hereditario
1507 4303 1575 4366 iure

464 4408 609 4486 snooessi,
632 4401 798 4472 emisse'id
822 4407 899 4469 falso
924 4406 1110 4488 existimem,
1134 4406 1208 4490 quia
1229 4407 1262 4471 in
1285 4406 1381 4471 alieni
1396 4407 1471 4470 faeti
1486 4406 1574 4489 igno-

464 4511 568 4574 rantia
588 4510 761 4575 tolerabilis
783 4530 869 4573 error
891 4518 948 4574 est.
