3442 5412
671 443 718 457 ...
760 410 802 475 25
842 443 890 456 ..

374 521 560 595 nimuh?

280 589 343 648 est:
371 585 507 648 eeteium
529 603 595 647 slve
616 583 650 647 in
672 582 740 667 ipsa
763 581 919 666 emptione
942 580 1127 646 dissentient
1149 580 1215 645 sive
1237 581 1270 646 in
1292 583 1391 666 pretio

281 686 407 750 sivein
433 706 494 769 quo
521 685 592 768 elio,
623 686 740 770 emptio
768 686 950 770 imperfecta
977 691 1033 748 est.
1079 685 1107 748 si
1137 684 1233 767 igitur
1260 705 1315 766 ego
1341 705 1392 747 me

280 788 413 852 fundum
447 809 549 853 emere
582 798 726 874 putarem
753 788 983 868 Cornelianum,
1017 796 1053 852 tu
1086 787 1164 852 mihi
1197 795 1228 852 te
1259 786 1392 852 vendere

281 890 541 976 Sempronianum
568 894 697 977 putasti,
725 892 799 978 quia
825 893 858 956 iu
885 891 1011 976 corpore
1033 891 1248 970 dissensimus
1275 889 1391 974 emptio

165 1029 177 1036 ··
281 995 368 1059 nulla
390 1002 446 1061 est.
485 995 568 1060 idem
593 1003 648 1076 est,
676 995 702 1060 si
730 1016 784 1078 ego
806 1016 857 1059 me
880 993 1033 1074 Stichum,
1056 1002 1092 1058 tu
1114 993 1314 1078 Pamphilum
1336 992 1391 1056 ab·

280 1103 401 1162 sentem
427 1098 561 1162 vendere
587 1099 719 1184 putasti:
754 1123 828 1165 nam
862 1120 934 1164 oum
964 1099 997 1162 iu
1025 1118 1152 1181 corpore
1179 1095 1391 1175 dissentiatur,

250 1217 263 1258 1
282 1210 410 1286 apparet
431 1201 551 1265 nullam
575 1222 641 1267 esse
664 1203 864 1288 emptionem.
908 1203 1004 1266 Plane
1026 1200 1053 1264 si
1076 1202 1109 1264 in
1131 1201 1257 1265 nomine
1273 1199 1392 1263 dissen-

280 1306 404 1382 tiamus,
432 1325 542 1368 verum
569 1304 607 1368 de
630 1327 756 1390 corpore
784 1303 914 1386 constet,
940 1304 1028 1368 nulla
1054 1303 1208 1368 dubitatio
1231 1309 1288 1380 est,
1316 1301 1391 1385 quin

283 1408 387 1472 valeat
414 1407 530 1492 emptio
564 1415 596 1471 et
622 1407 777 1472 venditio:
811 1407 890 1472 nihil
922 1407 1008 1472 enim
1034 1405 1108 1470 facit
1135 1427 1220 1471 error
1247 1405 1391 1484 neminie,

248 1527 352 1576 ocum
375 1509 413 1574 de
436 1531 561 1595 corpore
576 1509 719 1576 ¹constet.
765 1511 843 1576 Inde
870 1511 1040 1595 quaeritur,
1067 1509 1095 1573 si
1120 1509 1244 1593 inipso
1267 1530 1392 1594 corpore

280 1637 342 1679 non
365 1621 495 1693 erratur,
521 1613 576 1677 sed
602 1613 636 1677 in
662 1614 839 1680 substantia
866 1634 950 1678 error
976 1613 1028 1692 sit,
1055 1619 1090 1676 ut
1117 1620 1194 1697 puta
1219 1611 1247 1676 si
1269 1618 1392 1676 acetum

280 1739 335 1803 pro
357 1717 431 1782 vino
453 1724 577 1797 veneat,
604 1737 656 1781 aes
679 1738 733 1802 pro
757 1738 832 1781 auro
855 1717 905 1781 vel
927 1715 1092 1800 plumbum
1114 1736 1169 1800 pro
1193 1723 1319 1797 argento
1342 1716 1391 1780 vel

281 1820 355 1904 quid
379 1819 465 1883 aliud
491 1827 618 1902 argento
646 1820 758 1900 simile,
787 1843 826 1884 an
855 1820 970 1904 emptio
998 1825 1030 1882 et
1051 1817 1189 1882 venditio
1213 1819 1262 1882 sit.
1308 1819 1392 1882 Mar-

281 1923 376 1988 cellus
398 1921 523 2008 scripsit
542 1923 622 1987 libro
643 1931 730 1988 sexto
746 1923 935 2006 digestorum
950 1921 1139 2006 emptionem
1156 1942 1221 1985 esse
1236 1929 1268 1986 et
1282 1921 1391 1986 vendi·

279 2027 407 2106 tionem,
442 2026 516 2110 quie
548 2027 582 2089 in
610 2047 721 2142 eorpus
748 2047 931 2091 consensum
958 2033 1016 2101 est,
1049 2024 1145 2089 etsi
1135 2046 1168 2088 1n
1195 2024 1326 2088 materia
1352 2025 1393 2089 sit

280 2137 363 2194 errat
364 2150 427 2194 um.
472 2149 527 2212 ego
554 2129 588 2193 in
615 2129 688 2194 vino
715 2129 842 2261 quiem
835 2137 1141 2246 eonserQqura
1166 2128 1275 2192 eadem
1297 2149 1392 2244 prope
1477 2175 1483 2187 ,

280 2231 365 2296 οὐσία
387 2240 443 2312 est,
467 2233 494 2296 si
516 2231 608 2297 modo
631 2233 741 2297 vinum
751 2255 800 2296 ac
845 2213 957 2408 ὲ
997 2203 1391 2312 msitinumnoneouit,
1593 2262 1598 2272 ·

240 2404 245 2412 ,
280 2335 333 2400 sed
357 2335 427 2399 ab
418 2336 479 2400 rnit
480 2335 509 2404 io
525 2344 592 2401 acet
594 2357 649 2400 um
664 2129 879 2429 111111111χῖ)
930 2243 1113 2415 {Minui
1121 2356 1175 2419 pro
1192 2334 1253 2398 alio
1270 2334 1391 2398 venisse

279 2439 411 2504 videtur.
460 2437 494 2502 in
528 2439 638 2503 ceteris
672 2445 727 2502 eut
728 2459 778 2502 em
811 2439 932 2503 nuliam
965 2458 1080 2502 esse
1059 2438 1272 2502 venditionem
1305 2444 1391 2521 puto,

280 2542 423 2627 quotiens
446 2542 479 2606 in
502 2533 633 2607 materia
656 2550 784 2606 erratur.

185 2675 256 2742 llo.
279 2677 304 2742 1.
318 2675 364 2746 ,58
387 2676 467 2758 urg.
491 2676 533 2743 de
557 2677 800 2758 1011111111.
823 2675 915 2758 18,1.

322 2779 523 2864 Papinianus
554 2779 632 2842 libro
665 2763 779 2842 decinio
812 2782 1026 2864 quaestionum
1070 2779 1242 2843 Arboribus
1269 2799 1391 2862 quoque

279 2890 372 2948 vento
396 2882 524 2946 deiectis
547 2882 597 2947 vel
620 2882 794 2967 absumptis
810 2883 881 2966 igne
897 2883 1017 2947 dietum
1033 2892 1080 2946 est
1095 2882 1287 2966 emptionem
1302 2881 1391 2945 fundi

278 3006 341 3068 non
356 2984 455 3049 videri
471 3007 537 3051 esse
552 2993 754 3066 contractem,
771 2986 799 3051 si
814 2986 1077 3072 contemplatione
1092 2985 1219 3049 illarum
1235 2985 1389 3064 arborum,

279 3088 377 3152 veluti
393 3088 510 3170 oliveti,
534 3088 648 3153 fundus
663 3072 913 3174 comparabatur,
936 3089 1001 3153 sive
1016 3089 1133 3152 sciente
1149 3088 1213 3152 sive
1229 3087 1390 3170 ignorante

279 3190 454 3257 venditore:
477 3191 543 3256 sive
566 3202 673 3256 autem
695 3192 957 3276 emptor-sciebat
978 3192 1029 3255 vel
1050 3191 1214 3274 ignorabat
1236 3190 1287 3254 vel
1305 3197 1390 3254 nter·-

279 3314 339 3377 que
366 3315 482 3374 eorum,
510 3295 587 3358 haec
614 3294 765 3378 optinent,
794 3316 874 3378 quae
901 3295 934 3358 in
957 3294 1166 3379 superioribus
1190 3293 1313 3358 casibus
1335 3315 1390 3378 pro

279 3396 408 3461 aedibus
431 3397 516 3462 diota
538 3405 619 3462 sunt.

192 3522 255 3589 111.
278 3525 303 3591 1.
318 3509 549 3607 nom-(urg.
572 3525 614 3592 de
638 3526 803 3607 reg.·iur.
827 3525 945 3608 5⁰,st

218 3716 221 3722 Ι
321 3627 443 3692 Paulus
466 3628 544 3692 libro
565 3640 647 3692 senio
668 3631 711 3692 ud
724 3630 855 3692 edictum
889 3630 926 3694 In
942 3651 988 3709 eo,
1011 3628 1095 3713 quod
1110 3629 1180 3712 plus
1196 3629 1246 3709 sit,
1269 3648 1391 3713 semper

278 3730 360 3794 inest
382 3739 414 3796 et
434 3732 549 3796 minuc.

189 3857 257 3925 112.
279 3860 304 3925 1.
322 3861 344 3924 b
367 3860 447 3942 Dig.
471 3861 564 3942 quod
586 3863 701 3928 metus
723 3859 757 3944 4,
769 3862 801 3926 2.

325 3959 435 4046 Gaius·
455 3963 532 4026 libro
559 3975 671 4048 quarto
694 3964 738 4027 ad
758 3965 890 4027 edictum
907 3963 1100 4048 provinciale
1143 3963 1262 4027 Metum
1285 3969 1390 4026 autem

278 4087 341 4129 non
364 4067 437 4130 vani
459 4067 605 4148 hominis,
629 4067 684 4132 sed
707 4068 762 4151 qui
776 4067 887 4132 merito
904 4074 935 4131 et
950 4067 983 4131 in
998 4067 1124 4131 homine
1140 4066 1389 4132 constantissimo

279 4169 380 4250 cadat,
403 4170 443 4234 ad
465 4171 524 4235 hoe
546 4171 682 4236 edictum
705 4171 860 4255 pertinere
883 4170 1032 4236 dicemus.

168 4297 258 4364 113.
280 4299 305 4364 1.
322 4299 412 4383 tipr.
435 4299 516 4382 Dig.
541 4301 633 4381 quod
655 4301 770 4368 metus
793 4298 826 4381 4,
838 4300 870 4366 2.

237 4454 241 4459 .
328 4400 482 4488 [sipianus
509 4403 589 4489 libro
608 4405 767 4468 undecune
789 4405 832 4466 ud
852 4405 985 4467 edictum
1028 4405 1156 4469 Metum.
1171 4411 1277 4468 antem
1299 4426 1389 4489 prue-

276 4513 399 4572 sentem
422 4508 561 4592 accipere
584 4507 752 4591 debemus,
767 4529 829 4587 non
852 4509 1063 4593 suspicionem
1084 4508 1239 4586 inferendi
1254 4508 1334 4572 eius:
1358 4519 1389 4573 et
