3442 5412
668 479 709 493 .-
754 442 795 506 29
839 479 882 489 ..

142 633 154 656 ·
177 610 245 679 127.
266 613 328 679 l.8
349 612 430 693 urg.
446 612 489 678 de
512 611 582 679 obl.
600 613 637 678 ot
658 613 726 678 aot.
742 611 840 694 411.

313 731 504 816 Pomponius
526 731 711 794 1111111111
737 733 853 795 decimo
876 731 919 794 ad
940 729 1095 795 Sabinum
1140 731 1204 794 Sub
1226 731 1284 798 hao
1307 752 1380 800 oon·
1416 745 1418 752 ’

271 835 391 899 dicione
415 834 453 898 ‘si
475 832 589 898 volam’
612 834 700 898 nulla
722 836 758 898 fit
781 834 944 918 obligatio:
968 855 1023 918 pro
1046 853 1110 898 non
1127 833 1208 898 dioto
1224 834 1309 904 enim
1324 841 1379 914 est,

270 938 353 1022 quod
380 937 453 1000 dare
480 937 540 1000 nisi
568 936 645 1001 velis
673 938 740 1021 oogi
767 960 830 1002 non
862 937 986 1022 possisr
1009 959 1083 1001 nam
1112 958 1169 1000 noo
1195 937 1282 1001 heres
1309 958 1380 1020 pro-

269 1040 408 1105 missoris
431 1040 506 1120 eius,
530 1039 584 1124 qui
607 1060 781 1122 numquam
804 1040 877 1104 dare
893 1039 1036 1119 voluerit,
1059 1047 1191 1123 tenetur,
1216 1039 1291 1124 quia
1305 1039 1380 1104 haec

271 1144 411 1208 condicio
434 1144 466 1206 in
490 1143 595 1226 ipsum
617 1143 838 1228 promissorem
860 1164 1034 1226 numquam
1057 1143 1187 1207 exstitit.

176 1300 248 1366 111.
271 1301 295 1366 1.
310 1298 351 1364 11
373 1300 454 1381 urg.
470 1299 513 1366 re
536 1297 835 1382 1111111111.
904 1267 905 1270 ‘

283 1408 286 1411 ’
313 1420 502 1506 Pomponius
518 1419 596 1482 libro
611 1422 719 1504 quinto
734 1421 848 1484 decimo
863 1421 907 1482 od
920 1418 1075 1484 Sabinum
1119 1419 1182 1484 Sub
1200 1418 1380 1483 oondioiono

270 1524 410 1588 debitum
439 1545 494 1609 per
521 1545 656 1588 errorem
687 1524 823 1602 solutum
851 1523 1005 1608 pendente
1040 1523 1165 1608 quidem
1200 1523 1380 1588 oondioione

270 1628 431 1711 repetitur,
455 1627 637 1693 oondioioue
653 1635 757 1690 autem
775 1627 947 1690 exsistente.
957 1627 1058 1710 repeti
1071 1648 1134 1691 non
1150 1631 1260 1711 p'otost.
1291 1626 1378 1702 Quod

270 1741 376 1795 autem
401 1732 458 1795 sub
480 1730 600 1794 incerta
623 1730 673 1794 die
696 1729 837 1813 debetur,
867 1729 917 1793 die
941 1730 1110 1794 exsistente
1132 1751 1195 1795 non
1217 1728 1377 1812 repetitur.

179 1888 251 1953 129.
274 1884 374 1953 1161
393 1888 474 1969 Dig.
490 1887 533 1954 do
556 1905 632 1968 rog.
648 1888 717 1962 iur.
735 1887 792 1969 to,
805 1886 851 1952 11.

320 2007 472 2092 Ulpianus
483 2007 560 2070 libro
571 2010 813 2093 soptuopeasimo
824 2009 950 2090 septimo
960 2007 1002 2070 ad
1012 2008 1143 2070 edietum
1166 2006 1204 2068 ln
1215 2005 1282 2069 iure
1294 2004 1379 2068 oivili

271 2120 429 2196 receptum
452 2121 508 2191 est,
534 2112 678 2196 quotiens
701 2132 756 2196 por
784 2132 865 2190 oum,
894 2111 982 2174 ouius
1009 2110 1138 2174 interest
1165 2108 1377 2172 condicionem

270 2237 333 2279 non
355 2215 491 2300 impleri,
515 2216 570 2278 fiat
594 2237 654 2300 quo
677 2215 781 2278 minus
804 2213 983 2298 impleatur,
1004 2212 1133 2298 perinde
1155 2210 1271 2292 haberi,
1296 2232 1331 2274 ao
1353 2211 1377 2273 si

270 2318 402 2403 impleta
424 2318 564 2382 oondioio
586 2317 707 2382 luisset.
736 2315 818 2400 quod
842 2316 882 2379 ad
904 2315 1082 2380 libertatem
1105 2321 1136 2379 11
1158 2315 1260 2396 legata
1286 2320 1318 2376 et
1340 2313 1380 2376 ad
1485 2303 1490 2314 ’

271 2421 420 2486 heredum
431 2419 645 2485 institutiones
657 2420 845 2504 perducitur.
870 2419 984 2503 quibus
1000 2418 1151 2502 exemplis
1162 2416 1379 2502 stipulationes

271 2544 394 2608 quoque
429 2523 676 2604 committuntur,
711 2543 783 2585 oum
810 2542 866 2606 per
896 2521 1117 2606 promissorem
1144 2521 1263 2584 lactum
1290 2528 1379 2595 esset,

272 2646 333 2709 quo
356 2626 461 2690 minus
484 2625 649 2710 stipulator
672 2625 846 2689 oondioioni
869 2632 1000 2709 pareret.

104 2759 108 2767 '
177 2759 252 2826 130.
276 2778 350 2843 oap.
367 2762 413 2825 66
435 2760 564 2826 11111ο
588 2760 631 2827 do
653 2778 728 2842 rog.
744 2761 812 2825 iur.
829 2758 862 2840 5,
873 2757 923 2824 13.

315 2883 415 2958 Quum
445 2902 506 2945 non
534 2889 598 2945 stat
624 2902 679 2967 per
705 2902 790 2962 eum,
826 2880 864 2942 ad
893 2901 986 2962 quern
1014 2878 1159 2964 pertinet,
1188 2897 1248 2961 quo
1276 2877 1380 2939 minus

271 2984 410 3049 oondioio
426 2984 605 3068 impleatur,
628 2983 736 3047 haberi
752 2982 844 3046 debet
859 2981 998 3066 perinde,
1022 3004 1058 3044 ao
1073 2981 1099 3044 si
1115 2980 1246 3065 impleta
1261 2979 1379 3042 fuisset.

184 3137 252 3203 131.
276 3135 390 3216 1.11,1
413 3138 494 3219 lug.
510 3138 570 3218 qui
593 3137 720 3220 potin
742 3136 840 3223 pign.
857 3135 915 3216 20,
928 3134 962 3200 4.

315 3255 416 3320 Gaius
439 3257 516 3319 libro
538 3256 695 3340 amputari
714 3255 751 3318 de
772 3254 912 3336 formula
937 3253 1153 3338 lappotlaecordo
1198 3253 1378 3329 Videamus

208 3391 210 3397 v
270 3382 311 3424 an
337 3361 421 3424 idem
450 3358 616 3423 dicendum
643 3359 695 3438 sit,
722 3358 748 3420 si
777 3357 834 3442 sub
864 3357 1045 3422 condicione
1072 3356 1274 3442 stipulatione
1297 3358 1379 3420 faota

270 3462 444 3546 hypotheca
466 3462 539 3525 data
553 3461 604 3542 sit,
628 3483 690 3547 qua
705 3459 861 3544 pendente
877 3460 957 3524 alius
974 3459 1105 3524 credidit
1121 3467 1244 3545 puroet
1260 3459 1379 3544 aooepit

272 3565 402 3630 eandem
425 3565 645 3650 hypothecam,¹
663 3572 739 3629 tuno
762 3562 874 3627 deinde
896 3563 1007 3647 prioris
1023 3562 1234 3648 stipulationis
1251 3563 1380 3627 exsistat

270 3667 420 3746 condicio,
443 3674 479 3730 ut
501 3667 602 3752 potior
624 3667 666 3730 sit
681 3667 736 3750 qui
751 3674 860 3751 postea
876 3665 1067 3728 orodidisset.
1090 3665 1143 3728 sed
1165 3685 1280 3744 voreor,
1303 3686 1377 3728 num

269 3771 320 3835 hio
348 3770 434 3834 aliud
462 3769 503 3833 sit
530 3770 712 3834 dicendum:
747 3790 819 3832 oum
853 3769 938 3832 enim
965 3767 1061 3832 semel
1085 3768 1224 3832 oondioio
1248 3768 1377 3849 exstitit,

271 3874 399 3958 perinde
421 3874 562 3952 habetur,
586 3895 621 3936 ao
643 3873 670 3935 si
691 3872 746 3935 illo
769 3879 918 3956 ternpore,
943 3891 1004 3954 quo
1019 3871 1180 3955 stipulatio
1195 3870 1378 3954 interposita

270 3984 326 4059 est,
351 3976 417 4040 sine
440 3975 621 4040 oondioione
643 3975 726 4038 facta
749 3982 838 4038 esset.
863 3973 944 4058 quod
969 3981 1000 4036 11
1023 3973 1135 4037 melius
1159 3981 1215 4037 est.

176 4111 246 4177 132.
268 4112 294 4177 l.
309 4109 327 4174 l
342 4110 423 4193 lug.
441 4110 484 4176 do
506 4110 545 4175 ln
568 4109 662 4176 diom
677 4108 755 4174 add.
770 4107 823 4189 18,
834 4109 866 4174 2.

311 4231 434 4307 Paulus
456 4230 532 4293 libro
554 4231 662 4314 quinto
685 4229 728 4291 ad
749 4227 901 4292 Sabinum
946 4230 984 4292 ln
1006 4229 1090 4292 diem
1113 4228 1248 4293 addictio
1268 4231 1313 4295 ita
1328 4235 1377 4296 fit:

261 4336 332 4400 '‘ille
347 4335 463 4399 fundus
479 4341 605 4398 rentum
620 4341 684 4397 esto
702 4332 761 4396 tibi
776 4340 908 4416 emptus,
925 4333 986 4397 nisi
1002 4333 1029 4397 si
1046 4332 1115 4417 quis
1130 4333 1214 4396 intra
1228 4334 1378 4400 kalendas

178 4483 180 4488 -
269 4437 430 4502 lanuarias
454 4436 612 4522 proximas
635 4435 795 4500 meliorem
819 4435 1035 4500 condicionem
1055 4435 1175 4514 feeerit,
1204 4457 1265 4520 quo
1288 4458 1337 4501 res
1360 4461 1377 4500 a

269 4541 394 4606 domino
418 4540 531 4605 abeat!
730 4547 734 4553 '
