3442 5412
668 434 881 498 ..79-

272 603 377 668 minus
400 625 437 667 ea
460 605 509 669 die
532 612 717 690 praestetur,
740 612 976 670 consecuturum
992 627 1053 685 me,
1076 605 1186 688 quanti
1202 627 1272 670 mea
1286 604 1382 669 inter-

273 707 314 771 sit
336 729 456 771 moram
479 709 595 772 iactam
617 730 679 772 non
702 729 777 773 esse.

165 838 241 906 345.
274 843 298 907 l.
314 841 396 926 lac
419 844 498 926 Dig.
523 843 566 910 de
587 860 685 910 usur.
708 843 800 928 22,1.

314 963 438 1027 Paulae
460 963 537 1028 libro
559 965 717 1048 siopoloro’
736 967 773 1028 dc
787 968 891 1029 asama
935 965 981 1029 Ex
998 965 1098 1030 locato
1121 965 1174 1050 qui
1190 965 1381 1047 convenitur,

271 1066 332 1130 nisi
355 1069 534 1132 convenerit
557 1075 593 1133 ut
614 1068 734 1132 tardius
750 1069 900 1154 pecuniae
915 1069 1023 1134 illatae
1037 1090 1146 1134 usuras
1162 1069 1297 1152 deberet,
1321 1091 1383 1134 non

271 1170 334 1235 nisi
357 1192 396 1235 ex
419 1193 507 1235 mora
529 1193 638 1236 usuras
661 1181 817 1257 praestare
840 1172 941 1237 debet.

163 1302 242 1370 346.
270 1306 296 1371 l.
312 1305 375 1388 8,1
397 1306 479 1388 Dig.
503 1306 545 1372 do
568 1306 668 1373 cond.
690 1306 776 1372 furt.
798 1306 891 1389 13,1.

321 1420 476 1511 Ulpianus
501 1427 579 1490 libro
600 1430 761 1492 vicensimo
783 1431 910 1514 septimo
933 1431 975 1492 od
995 1431 1127 1493 edictam
1171 1430 1205 1494 Si
1228 1451 1267 1494 ex
1290 1450 1384 1494 causa

272 1531 387 1595 furtiva
410 1552 458 1595 res
481 1532 670 1612 condicatur,
695 1533 782 1597 cuius
804 1533 954 1619 temporis
977 1533 1151 1597 aestimatio
1171 1535 1235 1612 fiat,
1260 1534 1383 1618 quaeri-

271 1643 331 1698 tur.
368 1635 471 1719 placet
498 1642 603 1700 tamen
632 1637 662 1700 id
689 1645 812 1721 tempus
835 1638 1051 1722 spectandum,
1079 1657 1139 1720 quo
1162 1658 1210 1701 res
1233 1657 1383 1720 nmquam

271 1739 398 1823 plurimi
420 1739 490 1822 fuit,
522 1740 659 1804 maxime
681 1762 753 1805 oum
776 1740 960 1805 deteriorem
983 1762 1049 1805 rem
1070 1742 1185 1804 factam
1209 1742 1259 1805 lur
1280 1741 1382 1804 dando

271 1863 334 1906 non
355 1842 519 1906 liberatur:
548 1864 691 1928 semper
718 1843 815 1908 enim
837 1865 975 1908 moram
997 1845 1056 1907 fur
1078 1844 1200 1909 iacere
1223 1843 1381 1908 videtur.

163 1975 238 2042 347.
270 1976 498 2059 l.23,11tig.
521 1977 564 2044 de
587 1995 683 2044 usur.
707 1978 799 2060 tal.

321 2096 476 2182 Ulpianus
490 2098 567 2161 libro
583 2101 734 2184 tmpeoimo
754 2111 864 2185 quarto
880 2101 922 2163 od
935 2101 1065 2164 edictam
1091 2099 1271 2184 Aliquando
1287 2100 1382 2164 etiam

271 2201 305 2265 in
327 2223 359 2266 re
381 2224 501 2266 moram
525 2224 590 2268 esse
613 2203 737 2268 decerni
759 2204 847 2286 solet,
870 2204 897 2268 si
920 2205 1000 2268 forte
1022 2227 1085 2268 non
1108 2211 1212 2268 exstat
1234 2203 1289 2287 qui
1309 2226 1382 2268 con-

272 2305 424 2371 veniatur.

159 2439 239 2535 are.
271 2441 294 2506 1.
311 2440 396 2522 aar
420 2442 499 2524 urg.
523 2441 566 2510 oe
588 2441 718 2522 regatis
741 2443 772 2508 r.
787 2443 845 2507 ao.

321 2561 475 2644 Ulpianus
497 2562 573 2625 libro
588 2565 749 2626 wenstan
763 2565 867 2648 primo
884 2564 926 2626 ad
939 2561 1094 2627 Sabinum
1132 2563 1262 2628 Fructus
1278 2570 1383 2627 autem

270 2665 304 2729 hi
331 2657 528 2731 deducuntur
554 2665 585 2729 in
615 2666 809 2750 petitionem,
839 2687 902 2730 non
930 2687 1006 2750 quos
1032 2667 1120 2730 heres
1148 2667 1295 2752 percepit,
1330 2666 1384 2731 sed

271 2790 347 2853 quos
369 2769 537 2853 legatarius
560 2769 719 2854 percipere
739 2771 857 2854 potuit:
881 2776 911 2833 et
933 2770 966 2833 id
988 2770 1022 2833 in
1042 2769 1143 2854 operis
1158 2791 1318 2834 servorum
1333 2771 1383 2834 vel

271 2875 405 2937 vecturis
427 2873 639 2938 iumentorum
662 2874 711 2936 vel
733 2873 836 2938 naulis
858 2874 988 2938 navium
1012 2872 1187 2938 dicendum.

158 3006 242 3074 349.
271 3008 333 3074 lb
356 3009 437 3091 Dig.
461 3008 636 3092 deperio.
659 3009 696 3076 ot
718 3015 843 3076 comm.
865 3010 921 3076 rei
942 3007 1043 3076 vend.
1066 3007 1118 3090 18,
1130 3008 1165 3073 6.

313 3129 433 3193 Paulas
456 3130 533 3192 libro
556 3134 662 3214 quinto
685 3132 728 3193 ad
741 3128 896 3194 Sabinam
933 3129 967 3194 Si
990 3152 1045 3215 per
1064 3138 1235 3214 emptorem
1250 3127 1382 3208 steterit,

272 3252 332 3315 quo
360 3233 464 3298 minus
492 3234 532 3297 ad
556 3233 639 3297 diem
667 3236 776 3298 vinum
806 3234 939 3314 tolleret,
967 3241 1084 3318 postea,
1112 3232 1173 3296 nisi
1200 3232 1282 3314 qnod
1311 3230 1381 3296 dolo

270 3337 353 3401 malo
377 3337 548 3402 venditoris
570 3339 777 3422 interceptum
802 3347 892 3418 esset,
915 3358 977 3400 non
1001 3337 1093 3401 debet
1116 3337 1154 3400 ab
1166 3351 1206 3401 'eo
1221 3336 1380 3421 praestari.

271 3439 298 3504 si
321 3441 408 3504 verbi
431 3441 531 3522 gratia
553 3440 721 3526 amphorae
745 3449 869 3505 centum
898 3463 937 3506 ex
965 3461 1000 3505 eo
1027 3441 1110 3519 vino,
1138 3440 1220 3524 quod
1248 3439 1280 3503 in
1305 3439 1382 3505 cella

271 3551 361 3623 esset,
384 3545 548 3624 venierint,
572 3545 670 3608 donec
692 3544 891 3625 admetiatur,
916 3566 1007 3609 omne
1021 3544 1196 3628 periculum
1211 3543 1381 3609 venditoris

269 3653 325 3729 est,
349 3647 411 3710 nisi
433 3648 466 3710 id
489 3669 544 3733 per
567 3655 738 3733 emptorem
762 3649 826 3712 fiat.

158 3781 242 3848 350.
269 3783 294 3848 l.
310 3782 350 3847 18
372 3783 453 3865 Dig.
477 3782 520 3849 de
541 3783 651 3865 peric.
675 3783 713 3850 et
734 3800 857 3849 comm.
879 3785 935 3851 rei
956 3782 1056 3850 vend.
1078 3782 1131 3864 18,
1143 3783 1177 3847 6.

312 3903 502 3988 Pomponius
518 3904 595 3966 libro
610 3905 766 3988 tmpcoimo
777 3906 882 3988 priato
898 3905 941 3967 od
959 3901 1112 3982 Quintam
1127 3903 1265 3966 Muciam
1297 3903 1380 3966 Illud

269 4007 429 4071 sciendum
453 4014 509 4086 est,
538 4029 609 4070 oum
631 4029 752 4071 moram
775 4014 895 4092 emptor
918 4007 1066 4071 adhibere
1093 4008 1203 4091 coepit,
1230 4007 1294 4070 iam
1317 4027 1379 4070 non

269 4111 402 4196 culpam,
429 4112 483 4176 sed
506 4111 613 4177 dolum
635 4112 755 4175 malum
776 4119 901 4176 tantum
923 4111 1146 4196 praestandum
1169 4134 1188 4174 a
1208 4110 1379 4175 venditore.

270 4215 404 4299 quodsi
434 4236 489 4300 per
521 4215 717 4280 venditorem
750 4222 782 4279 et
815 4223 986 4299 emptorem
1019 4237 1108 4278 mora
1140 4215 1243 4295 fuerit,
1277 4215 1379 4278 Labeo

270 4318 396 4401 quidem
422 4318 530 4382 scribit
553 4317 684 4402 emptori
708 4319 811 4403 potius
833 4339 943 4383 nocere
966 4340 1060 4402 quam
1082 4317 1237 4382 venditori
1259 4338 1380 4381 moram

270 4421 452 4504 adhibitam,
483 4421 536 4485 sed
562 4421 734 4486 videndum
757 4429 813 4502 est,
836 4443 875 4487 ne
897 4421 1048 4507 posterior
1070 4443 1157 4486 mora
1179 4421 1328 4484 damnosa
1351 4421 1380 4484 ei

270 4525 321 4590 sit.
366 4525 442 4610 quid
470 4525 554 4590 enim
580 4527 607 4589 si
633 4525 871 4611 interpellavero
899 4525 1093 4590 venditorem
1120 4532 1152 4590 et
1173 4545 1236 4589 non
1259 4523 1379 4588 dederit
