3442 5412
666 412 932 487 -45-'

270 598 385 662 simum
405 602 466 661 est:
490 595 539 660 sin
560 602 666 660 autem
683 594 766 658 intra
781 599 901 658 certum
916 601 1049 678 tempus,
1074 593 1157 678 quod
1173 593 1268 658 etiam
1283 594 1381 678 ipsius

270 699 313 764 rei
337 699 483 782 qualitati
505 699 641 784 prodest,
665 698 759 764 valet.

161 839 241 903 202.
271 855 300 904 0.
316 837 362 902 20
385 837 468 905 000.
492 837 535 904 de
557 837 671 921 pactis
694 837 728 919 2,
740 836 772 902 3.

313 948 415 1033 Impp.
444 949 660 1012 Diocletianus
691 959 720 1011 ct
745 947 962 1012 Maximianus
989 947 1065 1011 AA.
1092 957 1120 1009 ct
1148 944 1206 1010 CC.
1237 947 1383 1008 Martiali

272 1049 405 1136 (anea)
445 1052 679 1116 Traditionibus
703 1061 734 1116 et
755 1051 997 1137 usucapionibus
1019 1049 1159 1115 dominia
1178 1070 1295 1128 rerum,
1319 1071 1379 1113 non

271 1155 363 1224 nudis
384 1155 486 1240 pactis
508 1155 748 1221 transferuntur.

162 1293 242 1358 aaa.
271 1293 296 1359 1.
311 1292 354 1357 ro
378 1292 458 1374 urg.
481 1292 525 1360 ro
547 1291 664 1358 donat
688 1291 744 1375 aa,
757 1290 789 1358 a.

313 1411 436 1474 Panion
469 1410 546 1474 libro
577 1412 684 1496 quinto
717 1413 833 1474 decinco
867 1412 910 1474 ad
941 1409 1096 1476 Sabinum
1139 1411 1281 1492 Absenti,
1316 1411 1381 1473 sive

270 1515 378 1578 mittas
411 1513 466 1599 qui
499 1515 588 1592 ferat,
623 1513 689 1578 sive
724 1513 806 1597 quod
840 1514 907 1599 ipse
938 1514 1054 1578 habeat
1076 1513 1141 1578 ‘sibi
1167 1514 1281 1578 habere
1310 1535 1378 1577 eum

269 1618 387 1700 iubeas,
412 1616 521 1680 donari
543 1623 626 1680 recte
649 1623 760 1700 potest.
806 1617 859 1680 sed
882 1615 907 1681 si
930 1617 1031 1682 nescit
1051 1637 1118 1680 rem
1141 1637 1220 1701 quae
1243 1614 1326 1700 apud
1348 1636 1381 1678 se

271 1729 317 1784 est
338 1720 399 1784 sibi
421 1740 488 1784 esse
510 1718 669 1799 donatam,
685 1719 735 1783 vel
758 1720 888 1784 missam
910 1719 970 1783 sibi
987 1741 1049 1783 non
1065 1718 1227 1804 acceperit,
1249 1717 1382 1782 donatae

270 1823 315 1888 rei
343 1822 487 1887 dominus
515 1843 578 1886 non
601 1823 646 1904 fit,
675 1823 799 1886 etiamsi
822 1843 876 1907 per
898 1843 1022 1887 servum
1046 1822 1112 1886 eius
1135 1821 1186 1886 cui
1208 1820 1382 1885 donabatur

270 1926 367 1990 missa
388 1926 493 2007 fuerit,
518 1925 580 1990 nisi
602 1946 640 1989 ea
662 1932 767 1988 mente
790 1945 878 1989 servo
902 1924 970 1989 eius
993 1923 1067 1988 data
1089 1924 1201 2004 fuerit·
1216 1931 1252 1987 ut
1274 1923 1380 1987 statim

272 2029 338 2092 eius
360 2029 424 2093 fiat.

163 2155 244 2222 004.
275 2157 299 2223 1.
317 2155 358 2222 tt
381 2155 462 2238 urg.
486 2155 529 2223 00
553 2157 624 2222 ou.
647 2157 684 2222 a
706 2155 775 2222 aar.
796 2154 852 2238 44,
866 2155 894 2221 r.

315 2277 477 2341 Iavolenus
498 2277 575 2340 libro
597 2278 772 2340 duodecimo
795 2277 1000 2362 cpr'stnlarnnr
1043 2276 1081 2340 In
1109 2275 1253 2340 omnibus
1279 2277 1381 2355 rebus²
1434 2265 1437 2270 ¹

272 2401 351 2464 quae
371 2380 546 2444 dominium
562 2381 764 2461 transferunt,
785 2387 947 2443 concurrat
963 2385 1083 2464 oportet
1098 2379 1226 2443 affectus
1241 2401 1279 2443 ex
1294 2387 1380 2442 utra-

273 2505 334 2570 que
356 2491 443 2568 parte
467 2483 732 2548 contrahentium:
760 2504 834 2546 narn
858 2482 923 2546 sive
946 2503 983 2546 ea
1004 2481 1143 2547 venditio
1166 2483 1239 2547 sive·
1255 2482 1380 2546 donatio

272 2587 337 2652 sive
361 2587 523 2652 conductio
547 2587 613 2651 sive
636 2587 795 2670 quaelibet
818 2585 880 2650 alia
900 2607 993 2650 eausa
1008 2585 1211 2650 contrahendi
1226 2586 1295 2666 fuit,
1319 2586 1378 2649 nisi

271 2691 394 2755 animus
417 2689 580 2773 utriusque
602 2689 766 2771 consentit,
790 2688 919 2774 perduci
942 2689 981 2751 ad
1005 2689 1146 2752 effectum
1169 2687 1202 2751 id
1226 2689 1309 2772 quod
1332 2689 1380 2750 in-

273 2792 401 2857 choatur
422 2815 485 2858 nan
507 2799 620 2877 potest.

163 2922 243 2989 200.
270 2925 441 3007 Ulpianus
462 2926 526 2991 lib.
549 2925 640 3006 sing.
662 2940 739 3005 reg.
754 2922 808 3006 le,
821 2923 849 2988 t.

317 3045 457 3110 Traditio
477 3046 603 3131 propria
626 3051 673 3109 est
696 3043 843 3108 alienatio
866 3065 971 3108 rerum
993 3065 1050 3108 nec
1073 3043 1232 3129 mancipii.
1270 3043 1379 3109 harum

272 3169 376 3212 rerum
399 3147 572 3212 dominium
594 3149 664 3234 ipsa
683 3146 1143 3232 traditione.adprehendimus,
1167 3147 1286 3214 scilicet
1301 3147 1328 3210 si
1344 3168 1381 3210 ex

272 3251 357 3317 iusta
378 3273 471 3316 causa
493 3251 627 3316 traditae
649 3261 723 3316 sunt
745 3252 847 3318 nobis,

274 3378 339 3446 Gai
363 3379 615 3447 Institutiones
638 3379 759 3444 1120.
804 3365 807 3372 ’

315 3494 425 3576 ltaque
456 3493 484 3558 si
511 3493 570 3557 tibi
595 3501 716 3557 vestem
742 3493 793 3557 vel
821 3513 932 3556 aurum
958 3492 1008 3556 vel
1036 3495 1199 3576 argentum
1225 3491 1381 3556 tradidero

221 3599 224 3604 '
273 3596 338 3660 sive
360 3618 398 3660 ex
420 3595 610 3661 venditionis
633 3616 735 3675 eausa,
759 3595 866 3658 statim
888 3602 944 3658 tua
965 3595 1001 3657 fit
1023 3615 1060 3658 ea
1082 3614 1140 3676 res,
1164 3593 1303 3656 si‘modo
1327 3614 1382 3674 ego

274 3699 340 3763 eius
362 3699 506 3775 dominus
529 3700 600 3762 sim.

165 3837 248 3903 200.
275 3837 300 3903 l.
317 3835 354 3902 31
376 3856 430 3921 pr.
455 3836 535 3919 Dig.
558 3837 602 3904 de
625 3835 702 3918 adq.
725 3853 799 3903 rer.
822 3834 914 3902 darn.
937 3803 1029 3916 tul.

317 3958 438 4022 Panlns
462 3957 537 4022 libro
561 3959 736 4042 trincesimo
753 3959 857 4042 priano
873 3959 915 4022 ad
933 3957 1065 4036 odictnni
1086 3955 1281 4038 'Numquam
1298 3954 1383 4018 nuda

274 4062 402 4126 traditio
428 4064 576 4127 transfert
603 4063 786 4141 dominium,
813 4060 951 4152 sedita,
978 4060 1006 4124 si
1028 4059 1167 4146 venditio
1196 4065 1250 4123 aut
1277 4057 1383 4140 aliqua

274 4166 357 4230 iusta
379 4186 471 4230 causa
495 4167 703 4249 praecesserit,
726 4169 851 4249 propter
874 4163 1117 4246 quamtraditio
1141 4171 1331 4248 sequeretur.

165 4303 245 4369 aar.
271 4303 296 4368 r.
312 4303 377 4387 aa
401 4303 481 4385 nrg.
504 4304 547 4371 00
570 4303 647 4384 aeq.
670 4299 857 4378 renuam.
879 4299 970 4382 41,1.

320 4422 422 4489 Gaias
456 4423 533 4487 libro
564 4424 692 4486 accnndo
725 4443 831 4486 rcrnnc
862 4423 1104 4486 cottidianarum
1129 4423 1192 4484 rive
1218 4443 1383 4486 carcornnr

274 4530 341 4593 Hae
370 4550 493 4614 quoque
514 4549 572 4609 ree,
601 4546 680 4610 quae
702 4527 871 4591 traditione
892 4533 1016 4590 nostrae
1037 4526 1127 4604 fiunt,
1154 4525 1221 4588 iure
1244 4525 1380 4607 gentium
