3442 5412
850 443 1064 506 „54-

454 614 654 680 servitutes
682 613 920 700 praediorum
947 621 1153 700 perpetuas
1180 635 1312 680 causas
1340 613 1474 680 babere
1505 616 1567 680 de·

454 719 557 798 bont,
580 725 611 782 et
630 718 703 796 ¹ideo
726 737 827 801 neque
851 739 887 781 ex
911 719 982 782 lacu
1005 737 1106 801 neque
1129 739 1167 782 ex
1190 725 1299 802 stagno
1322 719 1451 785 concedi
1467 740 1567 803 aquae

454 822 565 886 ductus
588 829 699 908 potest.
736 821 890 886 stillicidii
912 843 1036 906 quoque
1058 822 1251 887 immittendi
1273 822 1426 887 naturalis
1449 831 1481 887 et
1496 843 1567 907 per-

454 933 549 1010 petua
571 945 664 990 causa
687 945 752 990 esse
775 925 876 990 debet.

346 1065 517 1130 288.1.9
539 1065 621 1146 llig.
644 1064 686 1130 de
708 1064 871 1131 seruitut.
894 1063 968 1145 8,1.

497 1184 598 1250 Celsus
625 1185 703 1249 libro
730 1188 838 1270 quicto
865 1186 1052 1270 depasturum
1096 1185 1130 1249 Si
1157 1185 1206 1250 cui
1235 1185 1409 1263 simplicius
1437 1187 1487 1251 via
1511 1209 1566 1272 per

453 1290 585 1355 fundum
609 1290 783 1375 cuiuspiam
807 1289 935 1354 cedatur
957 1289 1007 1354 vel
1029 1289 1233 1374 relinquatur,
1261 1290 1294 1355 in
1318 1289 1451 1369 inficite,
1479 1290 1564 1354 vide-

452 1393 526 1457 licet
552 1415 606 1477 per
634 1393 809 1478 quamlibet
836 1393 901 1456 eius
929 1400 1060 1476 partem,
1094 1393 1140 1457 ire
1167 1413 1256 1474 agere
1284 1392 1401 1475 licebit,
1432 1394 1565 1458 civiliter

410 1576 415 1587 ι
452 1496 558 1561 modo:
584 1517 656 1559 nam
682 1496 837 1578 quaedam
854 1497 885 1560 in
901 1517 1041 1560 sermone
1057 1495 1151 1560 tacite
1167 1495 1374 1580 excipiuntur.
1403 1498 1563 1561 nonenim

452 1620 508 1684 per
534 1599 643 1664 villam
671 1599 774 1684 ipsam
801 1620 858 1665 nec
885 1620 939 1684 per
966 1599 1085 1664 medias
1108 1599 1216 1663 vineas
1239 1599 1284 1662 ire
1306 1620 1395 1682 agere
1418 1600 1565 1664 sinendus

452 1712 508 1785 est,
533 1725 603 1767 cum
626 1702 659 1766 id
681 1723 779 1786 aeque
802 1702 963 1768 commode
986 1701 1040 1787 per
1060 1703 1190 1767 alteram
1210 1710 1331 1788 partem
1350 1704 1451 1768 facere
1467 1704 1564 1787 possit

452 1805 572 1872 minore
595 1807 760 1872 servientis
783 1807 872 1870 fundi
895 1806 1091 1871 detrimento.
1130 1827 1240 1870 verum
1263 1805 1412 1884 constitit,
1435 1815 1479 1887 ut,
1504 1827 1565 1890 qua

451 1911 588 1994 primum
622 1911 706 1976 viam
741 1911 914 1990 direxisset,
948 1931 986 1974 ea
1014 1910 1138 1974 demum
1166 1910 1211 1974 ire
1239 1930 1328 1992 agere
1356 1909 1481 1974 deberet
1508 1929 1564 1973 nec

452 2014 586 2098 amplius
608 2014 778 2078 mutandae
794 2016 862 2078 eius
877 2021 1064 2099 potestatem
1079 2013 1221 2078 haberet:
1245 2013 1340 2077 sicuti
1355 2013 1471 2078 Sabino
1487 2032 1563 2096 quo-

453 2139 512 2202 que
534 2117 709 2200 videbatur,
733 2118 787 2202 qui
808 2125 989 2199 argumento
1006 2117 1065 2181 rivi
1081 2117 1237 2198 utebatur,
1262 2115 1470 2200 quamprimo
1487 2137 1563 2199 qua·

453 2221 530 2284 libet
552 2221 663 2285 ducere
686 2221 834 2303 licuisset,
859 2227 1063 2305 posteaquam
1080 2220 1191 2284 ductus
1208 2227 1297 2300 esset,
1320 2221 1487 2284 transferre
1502 2238 1563 2282 uon

453 2323 573 2388 liceret:
597 2325 679 2408 qnod
704 2331 734 2388 et
756 2325 790 2388 in
812 2325 864 2388 via
887 2324 1074 2388 servandum
1097 2344 1164 2388 esse
1188 2344 1296 2387 verum
1319 2331 1375 2386 est,

345 2477 423 2543 289.
453 2477 642 2562 Pomponii
661 2480 911 2561 Fragmentum
937 2479 990 2561 (ab
1006 2478 1147 2541 Araoldo
1164 2477 1327 2541 Furoado
1344 2477 1466 2563 publici
1486 2479 1565 2539 iuris

443 2581 572 2665 factum
595 2607 624 2646 a.
640 2581 739 2662 ‚1536;
762 2584 995 2647 collecticium
1019 2579 1520 2666 Anterastiniona'llpcp.148).

495 2703 534 2769 Et
556 2705 721 2769 servitutes
744 2704 842 2768 dividi
866 2724 928 2769 non
951 2711 1093 2788 possunt:
1117 2725 1190 2766 nam
1214 2723 1321 2766 earum
1341 2723 1416 2766 usus
1431 2702 1477 2765 ita
1492 2723 1564 2766 con-

452 2829 551 2872 nexus
575 2816 630 2891 est,
654 2816 689 2872 ut
712 2808 766 2892 qui
789 2829 859 2872 eum
883 2807 1047 2892 partiatur,
1072 2815 1217 2870 naturam
1241 2805 1307 2870 eius
1331 2812 1517 2890 corrumpat.

345 2963 427 3028 290.
452 2964 553 3045 l.8,l
575 2964 655 3044 Dig.
680 2964 723 3031 de
746 2964 907 3030 servibat.
931 2963 964 3043 8,
977 2962 1005 3027 1.

499 3085 618 3147 Paulus
641 3076 717 3147 libro
740 3085 977 3169 quintodecimo
993 3084 1036 3146 od
1050 3081 1215 3146 Plautium
1248 3082 1282 3147 Si
1298 3081 1459 3167 praedium
1475 3089 1566 3145 tuum

452 3189 531 3252 mihi
554 3188 680 3267 serviat,
704 3188 769 3252 sive
792 3209 846 3271 ego
869 3188 967 3272 partis
991 3185 1111 3270 praedii
1132 3187 1178 3250 tui
1196 3186 1341 3250 dominus
1357 3206 1422 3250 esse
1439 3205 1566 3269 coepero

453 3293 576 3357 sivetu
599 3292 671 3374 mei,
695 3313 750 3376 per
771 3299 876 3376 partes
899 3290 1033 3356 servitus
1056 3290 1218 3370 retinetur,
1240 3290 1314 3354 licet
1337 3289 1376 3352 ab
1398 3288 1488 3353 initio
1511 3309 1568 3372 per

454 3402 558 3481 partes
580 3395 703 3479 adquiri
725 3416 788 3460 non
810 3402 941 3478 poterat.

346 3543 419 3608 aer.
453 3543 477 3608 1.
493 3541 598 3624 aar
621 3541 701 3624 urg.
725 3542 767 3608 oe
791 3544 887 3608 veru.
912 3539 1032 3622 srgnrr.
1055 3539 1177 3622 sone

497 3663 658 3726 Iauolenus
693 3662 769 3726 libro
802 3663 931 3726 secundo
964 3684 1000 3725 aa
1027 3660 1248 3747 postmortem
1281 3657 1432 3722 Labeonis
1481 3659 1568 3723 Inter

454 3765 646 3852 ‘proiectum’
670 3776 702 3831 et
724 3763 920 3830 ‘immissum'
944 3765 1001 3829 hoo
1024 3766 1173 3829 iuteresse
1196 3764 1241 3827 ait
1256 3763 1367 3845 Labeo,
1391 3762 1473 3848 quod
1493 3784 1568 3847 pro-

453 3871 569 3936 iectum
592 3879 671 3936 esset
687 3871 718 3934 id
736 3870 818 3954 quod
833 3871 878 3933 ita
893 3868 1113 3953 proveheretur
1128 3875 1164 3931 ut
1179 3888 1334 3951 nusquam
1349 3866 1566 3951 requiesceret,

454 3975 560 4058 qualia
574 3975 740 4040 maeniana
756 3982 786 4038 et
802 3972 996 4056 suggrundae
1013 3979 1127 4036 esseut:
1151 3971 1328 4034 immissum
1343 3977 1464 4064 autem,
1483 3969 1568 4055 quod

453 4079 498 4142 ita
519 4080 615 4159 fieret,
638 4087 674 4142 ut
697 4079 800 4162 aliquo
824 4078 891 4142 loco
911 4077 1125 4162 requiesceret,
1149 4074 1249 4139 veluti
1264 4074 1350 4156 tigna
1365 4074 1470 4137 trabes
1487 4095 1568 4158 quae

453 4182 674 4248 inmitteretur.

347 4319 424 4384 292.
456 4317 521 4388 dei
544 4317 795 4386 Institutiones
817 4319 856 4382 ll
880 4317 929 4383 31.

497 4440 558 4505 Sed
580 4440 655 4505 haec
679 4440 797 4504 scilicet
820 4440 853 4503 in
875 4437 993 4502 Italicis
1015 4436 1151 4521 praediis
1174 4435 1220 4500 ita
1242 4442 1323 4517 sunt,
1348 4434 1422 4518 quia
1444 4441 1476 4497 et
1497 4433 1568 4517 ipsa

455 4531 582 4628 praedia
596 4543 858 4628 mancipationem
875 4542 953 4606 etin
969 4541 1037 4604 iure
1052 4540 1221 4605 cessionem
1233 4538 1397 4624 recipiunt.
1425 4535 1567 4618 alioquin
