3442 5412
666 465 708 474 -
751 427 792 492 91
838 467 880 474 -

165 597 251 664 400.
274 601 299 666 l.
317 597 406 682 30,1
429 598 508 682 lug.
532 599 576 666 de
599 601 666 666 act.
691 600 801 682 empti
822 600 923 668 vend.
939 598 1031 682 19,l.
1097 603 1110 640 r

299 707 494 804 ‘Africanas
530 720 606 784 libro
644 731 748 784 octauo
784 723 996 805 quaestionum
1048 720 1081 784 Sl
1114 719 1214 784 sciens
1248 720 1384 784 alienam

273 843 340 886 rem
366 823 520 906 ignoranti
552 824 630 887 mihi
657 825 843 905 vendideris,
878 825 973 888 etiam
1006 824 1189 908 priusquam
1219 822 1384 887 evincatur

273 926 394 990 utiliter
421 949 471 991 me
500 949 537 992 ex
565 935 669 1011 empto
697 936 840 992 acturum
872 929 994 1012 putavit
1026 928 1060 991 in
1075 1003 1078 1008 ἱ
1093 927 1136 1008 id,
1171 927 1286 1011 quanti
1314 945 1385 990 mea

273 1029 397 1094 intersit
419 1052 522 1094 meam
544 1051 611 1094 esse
633 1033 762 1095 factam:
786 1032 929 1115 quamvis
952 1031 1034 1094 enim
1056 1029 1196 1113 alioquin
1214 1050 1324 1094 verum
1343 1027 1385 1092 sit

224 1171 226 1178 ι
274 1131 469 1196 venditorem
500 1132 649 1198 hactenus
680 1133 789 1213 teneri,
824 1141 859 1198 ut
887 1155 954 1198 rem
981 1133 1114 1219 emptori
1139 1133 1254 1196 habere
1281 1132 1383 1211 liceat,

274 1256 336 1299 uon
364 1236 459 1300 etiam
484 1243 521 1299 ut
547 1237 613 1300 cius
640 1237 743 1320 faciat,
774 1237 848 1321 quia
874 1244 980 1301 tamen
1008 1237 1114 1300 dolum
1136 1236 1256 1300 malum
1279 1236 1385 1298 abesse

275 1345 429 1423 praestare
457 1340 577 1422 debeat,
605 1341 705 1405 teneri
728 1362 811 1420 eum,
838 1340 893 1425 qui
916 1340 1015 1404 sciens
1039 1339 1183 1419 alienam,
1211 1361 1273 1404 nou
1296 1359 1385 1402 suam

274 1441 428 1523 ignoranti
451 1441 605 1506 vendidit:
629 1442 662 1505 id
678 1450 723 1506 est
739 1443 888 1522 maxime,
911 1443 937 1506 si
952 1442 1180 1507 manumissum
1198 1441 1249 1505 vel
1263 1439 1385 1526 pignori

276 1537 385 1610 daturo
408 1545 593 1610 vendiderit.

176 1704 254 1771 401.
277 1707 301 1772 l.
318 1704 397 1789 ll,2
419 1708 500 1790 urg.
525 1708 568 1775 de
591 1708 657 1774 act.
681 1709 791 1791 empti
813 1708 912 1776 vend.
928 1708 1022 1790 19,1.

325 1827 477 1910 Ulpianus
500 1829 578 1891 libro
601 1832 754 1914 tripesiono
776 1832 904 1893 secundo
927 1832 970 1892 ad
991 1831 1122 1893 adaluni
1164 1829 1205 1892 Et
1224 1829 1256 1892 in
1275 1827 1384 1912 primis

275 1929 376 2014 ipsam
399 1953 464 1995 rem
487 1939 644 2017 praestare
666 1932 859 1998 venditorem
880 1941 1010 2018 oportet,
1033 1933 1066 1996 id
1083 1940 1129 1997 est
1144 1929 1280 1996 tradere:
1304 1951 1384 2015 quae

275 2054 333 2112 ree,
368 2034 394 2098 si
424 2035 551 2119 quidem
585 2034 729 2099 dominus
762 2036 823 2099 fuit
856 2037 1007 2118 venditor,
1041 2036 1118 2100 iacit
1148 2043 1179 2098 et
1213 2041 1385 2119 emptorem

168 2213 172 2218 Δ
275 2134 447 2217 dominum,
475 2139 502 2200 si
525 2159 587 2201 non
610 2138 679 2217 fuit,
706 2145 830 2203 tantum
854 2139 1015 2206 evictionis
1042 2138 1168 2202 nominc
1190 2136 1385 2202 venditorem

241 2317 244 2321 Ι
276 2239 401 2322 obligat,
425 2240 450 2304 si
471 2240 562 2305 modo
583 2242 719 2326 pretium
739 2249 787 2306 est
806 2250 1004 2307 numeratum
1025 2249 1079 2306 aut
1100 2262 1135 2305 eo
1151 2241 1277 2304 nomine
1293 2238 1385 2303 satis-

275 2343 402 2406 factum.
448 2351 569 2428 emptor
592 2351 695 2408 autem
719 2366 864 2409 nummos
887 2345 1057 2410 venditoris
1079 2345 1179 2409 facere
1202 2344 1330 2426 cogitur.

165 2502 885 2590 mmmmammun

325 2625 478 2710 Ulpianus
505 2625 583 2689 libro
608 2629 712 2711 primo
739 2627 782 2690 ad
808 2629 940 2690 edictum
965 2627 1114 2690 aedilium
1140 2626 1298 2689 curulium
1341 2625 1385 2688 Ea

276 2735 381 2793 autem
403 2730 469 2793 sola
491 2729 575 2794 dicta
594 2731 660 2795 sive
680 2731 831 2815 promissa
850 2729 1045 2793 admittenda
1064 2735 1145 2808 sunt,
1170 2747 1385 2812 quaecumque

276 2830 320 2894 sic
344 2831 498 2914 dicuntur,
523 2840 559 2896 ut
581 2841 784 2917 praestentur,
809 2855 871 2898 non
894 2841 929 2896 ut
952 2833 1114 2896 iactentur.

166 2991 247 3058 403.
276 2979 302 3058 l.
318 2993 358 3058 37
382 2995 460 3076 urg.
484 2994 527 3061 (le
551 2994 631 3061 dolo
647 2995 680 3077 4,
693 2994 724 3059 3.

326 3113 479 3201 Ulpianus
506 3115 583 3179 libro
612 3117 870 3202 quadrupensinro
898 3125 1010 3200 quarto
1036 3115 1079 3177 ad
1099 3111 1254 3177 sannam
1298 3111 1386 3189 Quod

275 3219 419 3285 venditor
452 3227 487 3284 ut
517 3221 714 3284 commendet
741 3220 826 3301 dicit,
861 3219 906 3283 sic
938 3217 1129 3289 habendum,
1164 3215 1251 3301 quasi
1284 3236 1386 3298 neque

277 3321 405 3387 dictum¹
426 3344 527 3407 neque
557 3326 744 3408 promissum
772 3333 827 3387 est.
872 3322 898 3385 si
925 3342 998 3385 vero
1030 3319 1207 3404 decipiendi
1239 3319 1386 3403 emptoris

276 3447 369 3490 causa
395 3425 514 3489 dictum
543 3432 598 3506 est,
627 3447 724 3510 aeque
746 3427 790 3490 sio
813 3424 991 3497 habendum
1015 3431 1070 3502 est,
1097 3429 1132 3486 ut
1154 3442 1217 3487 uon
1240 3428 1386 3486 nascatur

188 3599 190 3602 v
276 3528 422 3602 adversus
446 3528 565 3593 dictum
588 3529 814 3613 promissumve
837 3529 927 3607 actio,
946 3527 1006 3600 scd
1028 3527 1064 3590 de
1088 3526 1158 3590 dolo
1181 3525 1272 3589 actio.

166 3679 1047 3778 amnamummmmmm

326 3812 478 3898 Ulpianus
502 3815 579 3879 libro
602 3817 754 3899 stipatae
776 3817 904 3878 secundo
924 3815 967 3877 ad
982 3815 1115 3877 edictum
1151 3813 1291 3877 Iulianus
1307 3811 1386 3875 libro

276 3919 385 4001 quinto
409 3919 528 3983 decimo
551 3921 633 3984 inter
656 3917 737 3999 eum,
768 3921 822 4002 qui
845 3919 945 3983 sciens
968 3918 1043 4003 quid
1067 3923 1121 3980 aut
1143 3918 1287 3998 ignorans
1310 3935 1386 3979 ven-

166 4077 168 4084 ,
276 4022 366 4102 didit,
389 4023 596 4087 differentiam
620 4024 695 4088 facit
714 4025 747 4087 in
763 4023 1019 4087 condemnatione
1036 4043 1074 4086 ex
1089 4027 1208 4104 empto:
1226 4019 1277 4082 ait
1293 4017 1386 4096 enim,

276 4127 329 4208 qui
353 4148 445 4210 pecus
468 4128 647 4192 morbosum
670 4135 724 4191 aut
742 4128 865 4209 tignum
879 4127 1028 4190 vitiosum
1043 4124 1194 4204 vendidit,
1217 4124 1245 4186 si
1261 4121 1386 4204 quidem

275 4229 420 4312 ignorans
452 4231 536 4310 fecit,
570 4229 603 4294 id
636 4238 759 4294 tantum
794 4251 833 4294 ex
867 4237 970 4313 empto
999 4229 1120 4292 actione
1147 4233 1386 4312 praestaturum,

241 4361 243 4366 ¹
275 4339 392 4415 quanto
419 4333 549 4396 minoris
578 4339 677 4398 essem
705 4341 875 4416 empturus,
909 4333 934 4396 si
961 4331 995 4394 id
1021 4332 1067 4394 ita
1095 4351 1160 4394 esse
1187 4329 1326 4393 scissem:
1361 4326 1388 4390 si

275 4457 347 4500 vero
375 4437 476 4501 sciens
503 4437 627 4501 reticuit
654 4445 686 4502 et
708 4444 879 4521 emptorem
902 4436 1034 4519 decepit,
1062 4433 1167 4500 omnia
1189 4433 1386 4511 detrimenta,

276 4561 355 4625 quae
378 4562 416 4604 ex
440 4561 477 4604 ea
499 4542 656 4625 emptione
683 4549 804 4624 emptor
831 4540 970 4622 traxerit,
998 4545 1226 4624 praestaturam
1250 4536 1292 4600 ei:
1322 4534 1388 4598 sive
