3442 5412
680 400 895 463 ...55-

287 569 457 654 possideat:
481 591 537 633 neo
560 569 598 632 ad
618 578 688 632 'rem
710 569 887 654 pertinebit,
912 591 950 634 ex
965 591 1026 654 qna
1042 589 1135 635 causa
1150 570 1320 656 possideat:
1343 572 1398 636 ubi

252 755 254 759 ฮน
287 672 370 736 enim
393 673 522 758 probavi
545 694 610 737 rem
633 693 737 738 meam
756 695 831 754 esse,
854 694 978 738 necesse
993 673 1121 738 habebit
1136 693 1293 758 possessor
1307 673 1397 738 resti-

286 783 381 850 tuere,
406 776 546 860 quinon
569 776 683 841 obiecit
706 777 845 862 aliquam
869 777 1092 862 exceptionem.
1130 777 1259 862 quidam
1281 785 1398 857 tamen,

285 887 320 944 ut
336 881 479 962 Pegasus,
503 902 572 944 earn
586 880 686 944 solarn
701 882 924 965 possessionem
941 888 1131 966 putaverunt
1146 881 1226 945 hanc
1242 881 1397 947 actionem

286 983 459 1068 complecti,
490 1003 570 1066 quae
596 984 699 1048 locum
727 984 821 1048 habet
843 985 877 1050 in
899 984 1065 1049 interdicto
1089 985 1136 1049 uti
1159 984 1324 1068 possidetis
1346 984 1398 1050 vel

285 1087 401 1151 utrubi.
432 1086 566 1170 denique
582 1087 627 1150 ait
642 1087 681 1152 ab
698 1110 744 1170 eo,
768 1088 851 1173 apud
868 1110 961 1172 quem
977 1088 1118 1173 deposita
1134 1096 1179 1152 est
1195 1088 1244 1152 vel
1260 1109 1396 1152 commo-

285 1190 359 1253 data
381 1190 430 1254 vel
454 1191 508 1272 qui
532 1190 715 1256 conduxerit
738 1198 793 1255 aut
808 1192 861 1276 qui
877 1192 1049 1275 legatorum
1066 1191 1287 1256 servandorum
1304 1211 1398 1254 causa

284 1294 334 1356 vel
357 1293 439 1357 dotis
460 1293 618 1358 ventrisve
640 1295 767 1358 nomine
789 1294 823 1358 in
845 1294 1038 1380 possessione
1060 1302 1142 1360 esset
1157 1295 1207 1359 vel
1222 1293 1272 1360 cui
1290 1293 1396 1357 damni

283 1397 392 1461 inlecti
414 1397 541 1461 nomine
563 1418 626 1461 non
649 1399 828 1478 cavebatur,
856 1399 930 1482 quia
956 1399 989 1463 hi
1013 1419 1119 1463 omnes
1141 1419 1203 1462 non
1227 1396 1395 1482 possident,

283 1499 436 1564 vindicari
459 1522 521 1564 oon
544 1521 645 1586 posse.
683 1509 758 1587 puto
782 1511 888 1567 autem
912 1503 950 1566 ab
975 1502 1129 1585 omnibus,
1158 1502 1213 1586 qui
1235 1507 1343 1565 tenent
1366 1507 1397 1564 et

283 1602 400 1668 habent
422 1604 608 1669 restituendi
629 1605 822 1687 facultatem,
846 1606 910 1690 peti
933 1626 1031 1692 posse.
1257 1588 1260 1594 ยน

184 1791 259 1858 248.
283 1791 341 1878 ยง2
365 1795 456 1862 Inst.
480 1795 523 1862 de
545 1796 744 1863 actionibus
766 1795 799 1878 4,
812 1797 846 1862 6.

326 1917 435 1999 Aeque
457 1914 485 1979 si
508 1917 650 1998 agetius
672 1916 733 1981 sibi
756 1937 820 1980 esse
843 1915 938 1990 fundo
962 1917 1041 1980 forte
1063 1916 1113 1980 vel
1137 1913 1265 1979 aedibus
1286 1912 1396 1976 utendi
1428 1963 1430 1966 .

283 2017 406 2082 fruendi
438 2018 489 2081 vel
521 2039 577 2103 per
608 2017 742 2083 fundum
773 2019 869 2083 vicini
901 2019 997 2083 eundi
1019 2018 1131 2102 agendi
1157 2017 1207 2080 vel
1235 2037 1272 2080 ex
1298 2015 1395 2079 fundo

282 2120 379 2184 vicini
401 2141 513 2204 aquam
537 2120 682 2200 ducendi,
705 2121 735 2184 io
759 2143 826 2185 rern
848 2121 929 2185 actio
952 2129 1008 2186 est.
1042 2119 1184 2185 eiusdem
1207 2119 1326 2202 generis
1349 2124 1396 2182 est

283 2224 362 2287 actio
390 2223 428 2287 de
454 2223 521 2288 iure
549 2224 747 2308 praediorum
772 2226 973 2306 urbanorum,
1000 2225 1099 2290 veluti
1121 2224 1148 2288 si
1171 2230 1242 2305 agat
1264 2223 1313 2286 ius
1335 2222 1395 2286 sibi

283 2347 349 2391 esse
377 2326 471 2390 altius
498 2327 590 2391 aedes
617 2349 689 2392 suas
717 2328 848 2392 tollendi
874 2327 1124 2414 prospiciendive
1151 2327 1201 2390 vel
1223 2325 1395 2410 proiciendi

282 2429 401 2514 aliquid
425 2430 474 2494 vel
497 2430 690 2495 immittendi
711 2431 745 2495 in
768 2431 865 2496 vicini
883 2431 984 2496 aedes.
1020 2440 1128 2496 contra
1143 2450 1266 2516 quoque
1282 2428 1320 2492 de
1335 2447 1395 2491 usu

282 2533 384 2596 fructu
413 2540 444 2596 et
471 2533 509 2597 de
531 2534 735 2599 servitutibus
756 2535 956 2620 praediorum
979 2536 1176 2614 rusticorum,
1205 2533 1282 2598 item
1304 2552 1394 2617 prae-

282 2635 403 2699 diorum
426 2636 616 2702 urbanorum
640 2637 776 2702 invicem
799 2659 921 2722 quoque
943 2636 1084 2723 proditae
1100 2644 1174 2700 sunt
1190 2636 1335 2714 actiones,
1359 2644 1395 2699 ut

283 2738 353 2822 quis
379 2738 523 2804 intendat
549 2741 598 2804 ius
624 2762 687 2804 non
716 2761 782 2805 esse
806 2740 983 2805 adversario
1006 2739 1114 2804 utendi
1137 2738 1270 2820 fruendi,
1299 2738 1394 2801 eundi

282 2841 392 2923 agendi
427 2863 579 2926 aquamve
613 2842 757 2922 ducendi,
791 2843 868 2907 item
901 2842 995 2907 altius
1024 2841 1156 2907 tollendi
1183 2841 1393 2926 prospiciendi

282 2943 454 3028 proiciendi
475 2944 681 3009 immittendi:
704 2944 782 3009 istae
805 2966 928 3029 quoque
951 2945 1088 3009 actiones
1103 2945 1137 3008 in
1152 2965 1218 3007 rem
1234 2950 1317 3022 sunt,
1338 2943 1392 3006 sed

280 3047 454 3128 negativae.
488 3047 571 3130 quod
594 3069 690 3131 genus
713 3048 844 3112 actionis
867 3048 900 3113 in
922 3046 1141 3112 controversiis
1164 3067 1269 3110 rernm
1285 3067 1393 3131 eorpo-

281 3149 394 3214 ralium
421 3150 580 3235 proditum
607 3172 670 3216 non
699 3158 758 3215 est:
787 3172 860 3215 narn
886 3151 921 3214 in
946 3150 995 3214 his
1021 3151 1048 3214 is
1072 3148 1137 3233 agit
1159 3149 1298 3233 quinon
1321 3169 1393 3233 pos-

281 3251 375 3316 sidet:
404 3251 438 3316 ei
460 3273 545 3316 vero
569 3253 632 3337 qui
654 3252 822 3337 possidet
844 3275 916 3318 nou
939 3260 996 3316 est
1018 3252 1116 3315 actio
1141 3251 1303 3335 prodita,
1329 3272 1393 3336 per

281 3375 388 3436 quam
411 3363 520 3439 neget
542 3377 616 3419 rem
641 3355 776 3421 actoris
799 3377 887 3420 esse.
920 3377 996 3421 sane
1017 3377 1080 3420 uno
1096 3375 1171 3420 casu
1186 3355 1242 3439 qni
1256 3354 1393 3440 possidet

280 3457 378 3522 nihilo
402 3458 506 3523 minus
529 3458 641 3523 actoris
661 3466 765 3544 partes
780 3459 910 3544 optinet,
933 3460 1014 3523 siout
1028 3458 1060 3523 in
1077 3459 1242 3523 latioribus
1257 3458 1392 3541 digesto-

280 3583 351 3625 rum
373 3561 462 3626 libris
484 3561 689 3647 opportunius
713 3563 885 3647 apparebit.

172 3750 251 3816 249.
279 3752 304 3817 l.
321 3751 381 3836 l,3
404 3753 485 3834 Dlg.
509 3753 552 3820 de
574 3753 629 3819 rei
651 3753 745 3821 vind.
768 3753 843 3835 6,1.

330 3879 485 3966 Ulpianus
512 3881 590 3945 libro
614 3897 695 3946 cento
722 3883 837 3946 decimo
863 3883 905 3944 od
926 3883 1055 3945 edacem
1103 3883 1161 3946 Per
1184 3881 1264 3945 hano
1286 3888 1392 3946 autern

280 3987 434 4050 actionem
463 4006 527 4049 non
554 3985 654 4050 solum
688 3986 829 4069 singulae
857 4006 906 4049 res
931 3985 1187 4065 vindicabuntur,
1221 3985 1275 4050 sed
1302 4006 1392 4069 posse
1430 4043 1434 4051 .

281 4088 376 4152 etiarn
399 4109 519 4171 gregem
542 4089 696 4154 vindicari
719 4089 908 4174 Pomponius
931 4088 1010 4154 libro
1033 4089 1204 4154 lectionum
1222 4089 1390 4153 vicensimo

280 4192 389 4275 quinto
413 4191 530 4256 scribit.
569 4192 653 4256 idern
676 4200 707 4257 et
730 4193 767 4257 de
790 4199 931 4256 armento
955 4191 1047 4256 etde
1070 4193 1186 4276 equitio
1211 4192 1390 4276 ceterisque,

280 4316 360 4379 quae
394 4295 544 4379 gregatim
576 4295 741 4376 habentur,
775 4295 942 4360 dicendum
974 4303 1031 4360 111.
1075 4295 1130 4359 sed
1157 4296 1242 4359 enim
1268 4317 1390 4379 gregem

279 4399 413 4463 sufficiet
434 4399 539 4485 ipsum
561 4395 702 4464 nostrum
729 4419 805 4480 esse,
832 4399 908 4464 licet
930 4398 1052 4482 singula
1075 4399 1178 4483 capita
1200 4406 1306 4464 nostra
1328 4420 1391 4463 non

279 4502 356 4567 sint:
380 4523 454 4585 grex
477 4503 571 4584 enim,
593 4523 656 4566 non
679 4502 803 4586 singula
824 4524 953 4588 corpora
975 4501 1230 4568 vindicabuntur.
