3442 5412
645 424 859 488 -65-

140 602 155 647 ·,
194 603 197 610 '
249 598 282 662 in
316 595 560 682 provincialibus
594 595 729 680 praediis
763 596 828 660 sive
862 594 931 679 quis
962 595 1189 658 usumfructum
1217 595 1283 660 sive
1309 596 1358 661 ius

249 700 353 782 eundi,
377 699 488 782 agendi
511 720 664 783 aquamve
687 698 822 763 ducendi
844 699 895 762 uel
917 698 1012 762 altius
1035 698 1166 762 tollendi
1189 699 1281 762 aedes
1304 706 1359 764 aut
1400 769 1401 774 η

248 826 309 868 non
333 803 473 882 tollendi,
497 824 536 867 ne
558 803 731 866 luminibus
752 802 851 868 vicini
874 801 1038 879 officiatur,
1063 809 1225 886 ceteraque
1242 804 1359 867 similia

247 908 317 971 iura
339 908 526 971 constituere
548 907 636 986 uelit,
658 905 856 990 pactionibus
873 913 904 970 et
919 905 1175 990 stipulationibus
1190 906 1224 969 id
1239 907 1358 970 efficere

247 1018 364 1096 potest;
388 1011 461 1095 quia
483 1031 522 1074 nc
545 1010 615 1094 ipsa
638 1010 764 1093 quidem
787 1009 915 1095 praedia
937 1009 1199 1094 mancipationem
1223 1017 1277 1073 aut
1300 1008 1359 1094 (in)

247 1115 314 1178 iuro
338 1115 508 1178 cessionem
530 1114 694 1198 recipiunt.

139 1254 218 1320 aaa.
248 1255 273 1320 ι.
289 1253 322 1335 a,
333 1252 373 1317 14
395 1252 476 1335 mg.
500 1253 543 1320 oo
565 1254 601 1320 vr
622 1251 743 1334 carc.

244 1415 245 1418 =
297 1372 451 1458 Ulpianus
474 1373 551 1436 libro
565 1375 771 1458 eeaupcuaa'uao
785 1393 865 1436 acuo
881 1373 924 1436 ud
938 1373 1070 1436 edictum
1091 1372 1161 1438 ¹Uti
1175 1373 1239 1440 frui
1253 1382 1359 1439 autom

247 1478 440 1563 prohibuisse
462 1479 489 1541 is
511 1477 645 1558 videtur,
669 1478 721 1562 qui
744 1477 777 1542 vi
800 1477 913 1541 deiecit
933 1484 1071 1541 utentem
1088 1484 1118 1540 et
1133 1477 1287 1540 fruentem
1304 1486 1359 1542 aut

247 1604 310 1646 non
333 1581 470 1663 admisit,
494 1603 567 1645 cum
589 1603 627 1646 ex
649 1582 745 1646 fundo
769 1582 883 1646 exisset
898 1602 961 1645 non
977 1581 1183 1644 ususfructus
1199 1581 1359 1646 deserendi

249 1706 351 1750 causa,
397 1692 535 1749 cetorum
562 1686 588 1748 si
616 1685 686 1770 quis
714 1686 752 1749 ab
776 1685 867 1748 initio
890 1685 1048 1749 volentem
1069 1683 1206 1768 incipere
1228 1686 1275 1747 uti
1297 1686 1358 1749 frui

138 1869 143 1879 ι
249 1789 418 1879 prohibuit,
441 1789 499 1854 hoc
522 1789 722 1854 interdictum
745 1789 847 1852 locum
872 1787 1060 1852 nonhabet.
1100 1787 1176 1870 quid
1199 1808 1268 1871 orgo
1292 1788 1358 1853 est?

249 1892 341 1956 debet
362 1893 550 1957 fructuarius
573 1913 666 1956 usum
688 1894 825 1956 fructum
847 1891 1017 1956 vindicare.

138 2027 218 2096 294.
250 2027 376 2109 1.10,1
398 2027 478 2108 lug.
502 2028 546 2094 de
567 2044 687 2110 usurp.
712 2028 749 2094 ct
769 2043 866 2092 usuc.
889 2024 940 2106 41,
953 2025 984 2090 3.

299 2147 451 2232 Ulpianus
478 2149 555 2212 libro
578 2160 657 2212 secto
680 2150 794 2212 decimo
818 2148 861 2209 ud
881 2148 1012 2210 ecli'ctiuu
1052 2148 1118 2210 Hoc
1141 2148 1208 2211 iure
1231 2149 1359 2228 utimur,

248 2260 284 2316 ut
306 2254 472 2318 servitutes
495 2274 550 2337 per
569 2274 601 2316 se
617 2274 771 2339 nusquam
789 2253 878 2334 longo
895 2260 1035 2336 tempore
1050 2251 1119 2334 oapi
1135 2251 1264 2334 possint,
1288 2272 1359 2315 cum

249 2356 397 2420 aedificiis
420 2355 551 2440 possint.

139 2491 219 2558 295.
249 2489 308 2576 §3
331 2492 422 2557 lust.
445 2491 488 2556 dc
510 2509 575 2557 usu
597 2489 718 2556 fructu
740 2489 773 2571 2,
785 2488 816 2555 4.

290 2613 413 2676 Finitur
428 2619 533 2675 autem
549 2612 756 2675 ususfructus
772 2618 871 2675 morte
887 2611 1049 2674 fructuarii
1064 2617 1095 2673 ct
1111 2610 1231 2674 duabus
1248 2613 1359 2696 capitis

249 2716 524 2797 dominationibus,
549 2715 689 2778 maxima
712 2723 743 2778 et
765 2714 878 2792 media,
902 2721 933 2776 et
953 2735 1014 2777 non
1030 2714 1145 2777 utendo
1163 2735 1217 2798 por
1231 2715 1359 2779 modum

249 2829 280 2884 et
291 2827 424 2904 tempus.
445 2839 525 2902 quae
536 2817 641 2882 omnia
651 2824 757 2882 nostra
766 2817 877 2881 statuit
888 2816 1067 2881 constitutio
1080 2815 1119 2898 (c.
1129 2815 1246 2880 leod.
1255 2817 1283 2904 3,
1291 2819 1357 2902 33).

138 2999 141 3003 ,
249 2923 326 2986 item
337 2924 450 2989 finitur,
457 2942 533 2986 usus
545 2924 672 3003 fructus,
687 2922 713 2984 si
730 2920 855 2984 domino
871 2920 1066 3006 proprietatis
1079 2920 1117 2982 ab
1130 2921 1358 2985 usufructuario

249 3027 376 3091 cadatur
395 3027 487 3108 (nam
507 3032 656 3089 extraneo
676 3024 812 3088 cedendo
828 3024 906 3088 nihil
922 3023 1051 3107 agitur):
1076 3024 1125 3089 vel
1146 3045 1185 3087 ex
1205 3027 1358 3090 contrario

249 3130 276 3193 si
290 3130 478 3193 fructuarius
493 3129 716 3214 proprietatem
733 3129 778 3191 rei
794 3127 984 3211 adquisierit,
999 3148 1078 3211 quae
1093 3147 1141 3190 res
1155 3128 1357 3194 consolidatio

249 3233 432 3318 appellatur.
471 3253 506 3296 eo
530 3232 664 3317 amplius
688 3238 819 3312 constat,
843 3231 870 3294 si
892 3230 983 3294 aedes
998 3230 1140 3295 incendio
1158 3240 1359 3316 consumptae

248 3337 364 3400 fuerint
392 3337 440 3400 vel
468 3336 564 3400 etiam
590 3342 689 3414 terrae
716 3342 804 3398 motu
831 3343 886 3398 aut
912 3334 989 3397 vitio
1012 3354 1067 3398 suo
1096 3335 1275 3406 corruerint,
1304 3357 1359 3399 ox-

248 3441 349 3524 tingui
372 3461 464 3504 usum
480 3441 616 3502 fructum
632 3447 664 3502 et
678 3459 717 3502 ne
733 3459 823 3502 areae
839 3437 966 3521 quidem
981 3457 1073 3501 usum
1089 3439 1227 3501 fructum
1245 3437 1358 3502 deberi.

139 3593 221 3658 296.
248 3593 313 3658 lt
334 3591 415 3674 Ilig.
440 3592 483 3658 dc
506 3591 668 3658 servitut.
692 3590 811 3690 praed.
834 3593 957 3656 urban.
981 3591 1013 3671 8,
1026 3589 1058 3654 2.

295 3711 395 3777 Gaius
427 3713 502 3776 libro
531 3715 659 3798 septimo
685 3713 728 3774 ool
753 3713 885 3774 edictum
910 3712 1100 3792 provinciale
1144 3713 1227 3776 Haec
1254 3722 1361 3778 autem

249 3819 318 3880 iura
339 3817 483 3881 similiter
505 3824 540 3880 ut
562 3816 748 3880 rusticorum
772 3836 895 3898 quoque
912 3814 1108 3898 praediorum
1123 3824 1205 3880 certo
1221 3822 1360 3900 tempore

248 3942 311 3984 non
338 3920 454 3984 utendo
482 3928 626 4004 pereunt:
654 3920 717 3982 nisi
745 3918 826 4001 quod
851 3919 925 3981 haec
948 3917 1169 3982 dissimilitudo
1193 3926 1249 3999 est,
1277 3921 1359 4004 quod

249 4044 311 4088 non
334 4024 512 4088 omnimodo
536 4030 667 4109 pereunt
689 4043 751 4085 non
775 4021 900 4102 utendo,
924 4021 979 4085 scd
1000 4021 1058 4100 ita,
1079 4022 1105 4084 si
1128 4021 1250 4085 vicinus
1266 4022 1361 4086 simul

249 4126 427 4192 libertatem
464 4126 636 4210 usucapiat.
693 4125 792 4189 veluti
829 4125 855 4188 si
888 4124 981 4188 aedos
1014 4133 1087 4188 tuae
1121 4124 1248 4189 aedibus
1282 4126 1360 4190 meis

250 4231 396 4311 serviant,
424 4251 463 4294 ne
491 4230 585 4293 altius
612 4229 773 4307 tollantur,
802 4249 840 4305 ne
868 4228 1040 4292 luminibus
1067 4248 1208 4292 mearum
1235 4229 1360 4294 aedium

250 4333 413 4414 officiatur,
442 4341 473 4398 et
500 4355 554 4417 ego
582 4355 638 4418 per
664 4339 818 4396 statutum
841 4338 966 4416 tempus
989 4332 1140 4394 fenestras
1162 4352 1247 4396 meas
1271 4355 1359 4418 prae-

248 4436 326 4501 fixas
352 4437 488 4501 habuero
515 4437 565 4502 vel
594 4439 786 4515 obstrusero,
813 4435 859 4499 ita
885 4436 1011 4499 demum
1038 4434 1087 4498 ius
1110 4455 1216 4498 meum
1238 4437 1359 4516 amitto,

250 4539 276 4603 si
310 4550 344 4604 tu
377 4563 432 4626 per
459 4541 517 4605 hcc
545 4548 669 4626 tompus
695 4540 787 4605 aedes
814 4547 885 4603 tuas
912 4539 1007 4603 altius
1034 4538 1173 4602 sublatas
1199 4538 1358 4602 habueris:

729 4653 732 4658 ’
1191 4656 1207 4710 5
