3442 5412
841 412 1055 476 ..34-

446 590 587 648 versatus
609 590 666 663 est,
689 583 750 649 sibi
771 583 928 669 imputare
950 583 1043 649 debet
1065 581 1120 667 qui
1142 603 1214 647 eum
1234 581 1391 647 adhibuit:
1414 582 1468 647 sed
1485 589 1516 646 01
1530 585 1556 646 01

447 687 651 770 neglegenter,
675 707 773 770 aeque
796 707 920 752 mensor
942 705 1068 753 securus
1091 686 1163 750 erit:
1187 685 1252 750 lata
1272 685 1364 772 culpa
1378 686 1471 772 plane
1487 685 1556 750 dolo

447 789 686 874 comparabitur.
729 790 783 854 sed
806 789 885 854 0101
908 789 1082 854 mercedem
1106 788 1234 875 aceepit,
1257 808 1320 852 non
1344 809 1468 853 omnem
1491 789 1555 852 cul-

446 914 519 978 pam
551 915 622 958 eum
649 901 806 979 praestare
834 900 960 980 propter
986 893 1082 957 verba
1109 891 1218 956 edicti:
1249 891 1360 976 utique
1387 892 1471 956 0111111
1498 892 1556 956 0011

445 1003 571 1082 praetor
593 1004 625 1061 01
647 998 789 1062 mercede
811 1017 863 1061 eos
885 993 1084 1060 intervenire.

351 1159 425 1224 151.
448 1161 473 1226 l.
489 1159 527 1225 71
551 1160 631 1242 llig.
654 1176 719 1243 pro
743 1160 839 1227 socio
863 1158 911 1242 17,
922 1159 955 1224 2.

491 1279 591 1350 Gaius
607 1279 685 1344 libro
700 1280 830 1344 secundo
844 1280 1086 1344 cottidianarum
1101 1299 1206 1341 001010
1237 1277 1346 1342 Socius
1361 1277 1444 1341 socio
1460 1277 1553 1342 011010

446 1383 556 1468 culpae
587 1384 714 1448 nomine
746 1391 880 1466 tenetur,
912 1383 943 1448 id
972 1389 1020 1448 eet
1048 1381 1186 1446 desidiae
1213 1389 1307 1464 atque
1333 1380 1554 1462 neglegentiae.

444 1487 536 1571 eulpa
563 1493 669 1550 autem
690 1507 754 1551 non
777 1487 816 1549 ad
840 1486 1072 1550 exactissimam
1094 1484 1290 1568 diligentiam
1311 1483 1472 1564 dirigenda
1494 1494 1554 1549 est:

337 1655 339 1660 ,
444 1590 559 1654 suflicit
582 1589 699 1654 etenim
721 1590 816 1654 talem
840 1589 1036 1673 diligentiam
1058 1588 1276 1653 communibus
1291 1587 1383 1651 rebus
1399 1586 1554 1668 adhibere,

444 1693 569 1776 qualem
592 1693 656 1757 suis
679 1692 773 1769 rebus
796 1692 943 1757 adhibere
965 1693 1053 1775 solet,
1077 1691 1151 1776 quia
1173 1691 1228 1776 qui
1248 1712 1359 1776 parum
1375 1690 1555 1774 diligentem

442 1795 502 1860 sibi
525 1797 642 1862 socium
668 1796 815 1881 adquirit,
838 1796 876 1860 de
899 1817 932 1861 00
954 1796 1043 1881 queri
1066 1795 1167 1860 debet.

349 1957 418 2024 117.
442 1957 504 2044 §9
527 1959 617 2025 11101.
638 1959 681 2026 (10
705 1960 876 2027 societate
899 1960 931 2042 3,
943 1957 997 2024 21.
1113 2009 1116 2014 .

486 2079 594 2144 Sosius
621 2080 703 2144 socio
731 2087 838 2144 utrum
865 2102 900 2145 eo
929 2081 1056 2145 nomine
1082 2087 1208 2144 tantum
1230 2087 1375 2145 teneatur
1396 2101 1451 2164 pro
1473 2079 1554 2143 socio

444 2182 575 2262 actione,
599 2181 625 2246 si
651 2182 726 2266 quid
749 2181 819 2246 dolo
843 2182 1041 2264 commiserit,
1067 2181 1148 2246 siout
1170 2182 1197 2247 is
1220 2181 1273 2266 qui
1294 2181 1408 2267 deponi
1424 2180 1507 2266 apud
1521 2201 1555 2244 se

442 2305 551 2369 passus
574 2293 631 2365 est,
655 2307 694 2349 arr
714 2285 809 2349 etiam
826 2286 944 2371 culpae,
968 2285 1001 2349 id
1018 2293 1065 2350 est
1081 2284 1218 2350 desidiae
1235 2293 1328 2369 atque
1343 2283 1554 2367 neglegentiae

442 2387 578 2471 nomine,
600 2387 776 2471 quaesitum
794 2395 854 2452 est:
879 2387 1057 2472 praevaluit
1071 2394 1177 2452 tamen
1194 2387 1288 2451 etiarn
1306 2387 1414 2471 culpae
1430 2385 1555 2450 nomine

441 2491 541 2554 teneri
568 2513 650 2555 eum.
696 2490 787 2576 culpa
814 2500 919 2555 autem
946 2513 1009 2575 non
1036 2491 1076 2554 ad
1105 2489 1336 2555 exactissimam
1360 2488 1553 2572 diligentiam

442 2593 604 2676 dirigende
626 2601 687 2657 est:
711 2593 828 2658 sufficit
850 2593 936 2658 enim
958 2593 1055 2657 talem
1078 2591 1272 2676 diligentiam
1287 2593 1321 2656 iu
1337 2591 1554 2656 communibus

442 2697 534 2761 rebus
550 2695 697 2760 adhibere
713 2696 842 2776 socium,
867 2696 991 2780 qualem
1007 2697 1072 2760 suis
1087 2696 1180 2760 rebus
1196 2695 1343 2759 adhibere
1358 2695 1446 2759 solet.
1480 2715 1552 2757 nam

443 2799 495 2884 qui
521 2821 631 2882 parum
655 2798 836 2882 diligentem
859 2799 979 2864 socium
999 2798 1059 2862 sibi
1076 2798 1222 2880 adsumit,
1247 2798 1331 2862 dese
1348 2797 1436 2880 queri
1452 2797 1552 2860 debet.

347 2980 419 3046 res.
442 2978 501 3045 1.1
523 2979 605 3046 coo.
627 2980 719 3046 unco
741 2981 777 3047 vr
800 2979 877 3064 01.

483 3098 818 3185 100001110010110000
838 3111 865 3163 01
884 3100 1101 3163 Maximianus
1123 3099 1198 3164 AA.
1221 3097 1375 3162 Theodoro
1398 3097 1444 3185 (a.
1461 3096 1553 3180 290).

440 3204 536 3268 Recte
569 3203 741 3288 possidenti
768 3203 808 3266 ad
835 3202 1062 3267 defendendam
1091 3203 1332 3288 possessionem,
1365 3224 1459 3285 quam
1486 3203 1553 3266 sine

440 3307 517 3370 vitio
540 3307 677 3384 tenebat,
701 3304 879 3390 inculpatae
898 3304 1016 3369 tutelae
1036 3305 1248 3369 moderatione
1263 3304 1386 3368 illatam
1401 3305 1464 3368 vim
1481 3325 1553 3389 pro-

335 3441 337 3445 ·
442 3410 565 3493 pulsare
588 3409 670 3472 licet.
1398 3410 1402 3423 '

346 3571 421 3638 159.
443 3572 502 3638 1.7
525 3572 605 3653 urg.
630 3571 674 3636 ad
696 3570 854 3652 1001111.
871 3571 913 3637 (10
936 3571 971 3638 ri
993 3572 1083 3655 prir.
1098 3571 1154 3654 48,
1167 3572 1196 3637 7.
1233 3571 1325 3655 (eft.
1343 3571 1383 3635 13
1407 3570 1450 3636 D.
1463 3571 1494 3652 4,
1508 3571 1553 3650 2.)

485 3689 681 3754 Callretratus
719 3691 796 3754 libro
832 3690 952 3774 quinto'
971 3692 1008 3754 de
1041 3690 1266 3776 0090010011το
1321 3691 1494 3756 Creditores
1528 3693 1553 3755 01

440 3794 589 3858 adversus
617 3794 772 3859 debitores
800 3814 873 3858 suos
901 3802 1004 3877 agant,
1032 3816 1086 3878 per
1108 3794 1243 3859 iudicem
1270 3794 1312 3876 id,
1341 3794 1424 3877 quod
1447 3794 1553 3858 deberi

441 3897 502 3961 sibi
524 3903 646 3981 putant,
669 3917 828 3982 reposcere
852 3897 979 3961 debent:
1003 3891 1143 3980 alioquin
1165 3897 1190 3961 si
1207 3897 1240 3960 in
1256 3919 1322 3961 rem
1338 3897 1487 3962 debitoris
1503 3898 1553 3962 sui

439 4000 626 4065 intraverint
657 4000 690 4063 id
721 4001 807 4066 nullo
836 4001 1032 4082 concedente,
1068 4001 1159 4065 divus
1188 4002 1312 4065 lllarcus
1340 4000 1478 4064 decrevit
1504 4001 1553 4065 ius

438 4101 550 4166 crediti
574 4123 624 4166 eos
647 4124 709 4166 non
731 4102 854 4166 habere.
897 4103 993 4167 verba
1015 4103 1132 4166 decreti
1154 4103 1230 4168 haec
1252 4108 1336 4166 sunt.
1380 4101 1553 4186 ‘Optimum

439 4207 507 4284 ι001,
536 4212 581 4283 01,
605 4203 633 4267 si
656 4224 731 4286 quas
753 4211 846 4288 putas
869 4213 900 4267 te
923 4204 1037 4268 habere
1060 4205 1236 4288 petitiones,
1260 4205 1436 4270 actionibus
1459 4226 1553 4291 expe-

332 4349 335 4353 ·
438 4307 552 4370 ‘riarisz
577 4306 701 4370 interim
724 4306 777 4370 ille
800 4307 833 4370 in
849 4306 1041 4391 possessione
1061 4307 1153 4372 debet
1168 4308 1293 4390 morari,
1318 4316 1351 4372 10
1369 4307 1485 4392 petitor
1500 4305 1552 4372 es.'

440 4417 470 4474 01
497 4431 567 4473 cum
591 4407 766 4473 Marcianus
790 4409 919 4472 diceret:
949 4409 1024 4471 ‘vim
1048 4408 1167 4473 nullam
1191 4408 1270 4473 seoi’.
1322 4410 1434 4475 Caesar
1456 4410 1551 4474 dixit:

440 4514 484 4576 ‘tu
509 4512 573 4575 vim
596 4518 687 4596 putas
711 4531 777 4576 esse
800 4512 911 4591 solum,
935 4513 962 4574 si
985 4511 1126 4576 homines
1143 4512 1366 4577 vulnerentur?
1388 4512 1437 4578 vis
1460 4520 1554 4577 estet
