3442 5412
853 425 1068 494 ³..22..

460 595 554 660 minis
570 595 793 680 accipiendam,
806 617 915 662 verum
921 595 1004 678 eius,
1018 596 1072 679 qui
1085 618 1156 662 cum
1168 619 1237 664 eam
1249 618 1315 662 rem
1328 606 1365 663 ut
1377 597 1449 680 (scr.
1460 598 1571 681 curet),

430 712 443 755 3
462 697 627 781 diligenter
646 698 831 782 inquirendo
851 706 959 765 notam
979 698 1093 764 habere
1108 701 1214 784 possit,
1258 700 1321 766 Sed
1336 700 1412 768 iuris
1427 701 1572 784 ignoran-

462 802 540 868 tiam
562 823 625 866 non
648 803 793 888 prodesse
816 803 917 866 Labeo
941 802 986 867 ita
1009 803 1226 888 accipiendum
1248 803 1418 883 existimat,
1446 805 1473 868 si
1495 803 1573 868 iuris

461 905 593 970 consulti
617 906 738 991 copiam
759 906 888 972 haberet
914 906 965 972 vel
987 927 1044 971 sua
1065 907 1233 992 prudentia
1259 907 1430 972 instructus
1452 908 1503 988 sit,
1525 915 1572 985 ut,

461 1008 510 1074 cui
532 1008 623 1073 facile
645 1009 686 1072 sit
712 1009 800 1092 scire,
829 1010 858 1074 ci
884 1009 1071 1074 detrimento
1098 1011 1139 1074 sit
1166 1011 1243 1076 iuris
1271 1011 1460 1094 ignorantia:
1490 1011 1572 1094 quod

429 1127 530 1180 lraro
554 1113 770 1198 accipiendum
793 1120 849 1178 est.
896 1113 954 1190 Qui
977 1113 1132 1195 ignoravit
1155 1113 1317 1180 dominum
1340 1135 1405 1178 esse
1429 1115 1474 1178 rei
1496 1135 1572 1180 ven·

461 1217 602 1299 ditorem,
630 1217 701 1302 plus
729 1217 761 1280 in
789 1238 821 1280 re
850 1226 905 1299 est,
933 1237 1028 1300 quam
1056 1217 1088 1281 in
1123 1217 1355 1284 existimatione
1386 1218 1514 1282 mentis:
1542 1228 1572 1281 et

459 1321 539 1399 ideo,
563 1320 690 1384 tametsi
716 1320 873 1384 existimet
896 1341 929 1385 se
955 1342 1017 1385 non
1041 1343 1059 1384 a
1082 1319 1208 1385 domino
1231 1341 1341 1402 emere,
1365 1329 1481 1401 tamen,
1504 1322 1529 1385 si
1554 1342 1572 1384 a

430 1424 587 1490 edomino
622 1424 652 1487 ei
683 1424 834 1503 tradatur,
868 1423 1013 1488 dominus
1042 1424 1186 1488 efficitur.
1232 1423 1265 1488 Si
1299 1425 1369 1507 quis
1402 1425 1452 1488 ius
1485 1426 1572 1507 igno·

461 1549 534 1593 rans
556 1528 622 1610 lege
645 1526 784 1592 Falcidia
807 1547 880 1591 usus
896 1527 1031 1608 nonsit,
1060 1549 1170 1592 nocere
1193 1527 1222 1592 ei
1244 1527 1321 1590 dicit
1352 1526 1485 1611 epistula
1507 1529 1572 1591 divi

358 1707 361 1712 Δ
460 1632 518 1695 Pii.
563 1631 618 1695 sed
641 1638 672 1694 et
694 1630 899 1711 imperatores
922 1630 1054 1694 Severus
1077 1638 1108 1695 et
1122 1630 1302 1694 Antoninus
1325 1630 1358 1694 in
1381 1630 1456 1695 haec
1479 1633 1573 1698 verba

460 1734 700 1818 rescripserunt:
724 1733 824 1810 ‘Quod
847 1754 887 1796 ex
910 1753 1003 1798 causa
1018 1733 1250 1802 fideicommissi
1265 1733 1441 1798 indebitum
1464 1733 1572 1798 datum

462 1840 527 1919 ‘est‚
562 1839 588 1901 si
621 1859 685 1902 non
718 1859 773 1922 per
807 1857 942 1900 errorem
975 1836 1114 1901 solutum
1148 1844 1204 1912 est,
1239 1837 1338 1920 repeti
1366 1858 1427 1900 non
1461 1845 1571 1921 potest.

462 1941 675 2024 ‘quamobrem
699 1940 869 2023 Gargiliani
893 1940 1031 2019 heredes,
1054 1940 1118 2024 qui,
1142 1961 1211 2004 oum
1237 1961 1275 2004 ex
1298 1925 1483 2004 testamento
1507 1939 1573 2003 eius

464 2045 638 2129 ‘pecuniam
661 2043 700 2106 ad
716 2064 793 2127 opus
816 2065 915 2127 aquae
932 2043 1043 2108 ductus
1058 2044 1102 2107 rei
1120 2043 1263 2128 publicae
1279 2043 1467 2108 Cirtensium
1483 2043 1589 2108 relic-.

462 2151 537 2212 ‘tam
552 2147 710 2219 solverint,
727 2169 789 2212 non
805 2147 908 2212 solum
924 2147 1082 2211 cautiones
1097 2169 1160 2210 non
1177 2155 1353 2230 exegerunt,
1378 2168 1456 2230 quae
1477 2145 1573 2210 inter-

462 2251 545 2336 ‘poni
568 2251 678 2330 solent,
702 2257 737 2313 ut
759 2250 843 2335 quod
866 2250 1002 2335 amplius
1025 2251 1179 2335 cepissent
1201 2250 1375 2334 municipes
1403 2272 1496 2334 quam
1519 2272 1574 2335 per

465 2356 575 2437 ‘legem
604 2353 775 2418 Falcidiam
803 2354 943 2418 licuisset
967 2353 1143 2436 redderent,
1173 2375 1280 2418 vorum
1309 2353 1405 2418 etiam
1431 2353 1572 2437 stipulati

461 2461 552 2539 ‘sunt
576 2480 615 2522 ne
643 2479 679 2522 ea
702 2478 825 2522 summa
851 2458 886 2522 in
914 2457 991 2522 alios
1020 2477 1092 2522 usus
1120 2465 1351 2522 converteretur
1379 2465 1410 2521 et
1440 2458 1597 2521 scientes.

461 2561 701 2646 ‘prudentesque
718 2561 801 2645 passi
824 2568 899 2625 sunt
922 2583 990 2626 eam
1005 2560 1171 2646 pecuniam
1194 2561 1228 2625 in
1252 2581 1328 2644 opus
1348 2560 1574 2645 aquaeductus

463 2664 621 2749 impendi,
644 2666 758 2728 frustra
773 2665 934 2750 postulant
949 2664 1036 2728 reddi
1059 2664 1120 2729 sibi
1140 2687 1159 2741 a
1181 2685 1213 2728 re
1236 2664 1361 2748 publica
1376 2663 1572 2744 Cirtensium,

463 2769 561 2852 ‘quasi
583 2769 653 2853 plus
677 2769 781 2833 debito
798 2768 949 2850 dederint,
974 2788 1044 2832 oum
1068 2768 1109 2830 sit
1132 2775 1299 2850 utrumque
1314 2768 1455 2851 iniquum
1479 2786 1572 2850 pecu-

462 2872 567 2954 ‘niam,
596 2893 676 2955 quae
703 2871 742 2934 ad
769 2892 847 2957 opus
869 2872 973 2954 [aquae
1001 2870 1113 2935 ductus
1141 2871 1214 2934 data
1241 2879 1297 2952 est,
1325 2870 1423 2954 repeti
1449 2878 1480 2933 et
1507 2889 1572 2933 rem

462 2975 631 3060 ‘publicam
654 2996 691 3038 ex
715 2996 841 3060 corpore
867 2973 1049 3058 patrimonii
1076 2975 1125 3038 sui
1157 2974 1337 3058 impendere
1365 2974 1396 3038 in
1424 2973 1455 3036 id
1484 2992 1571 3057 opuS,

407 3157 408 3160 Ἴ
463 3078 556 3162 ‘quod
578 3085 679 3142 totum
703 3078 822 3142 alienae
845 3077 1043 3142 liberalitatis
1066 3078 1195 3159 gloriam
1217 3083 1439 3161 repraesentet.
1490 3075 1573 3159 quod

463 3182 499 3245 ‘si
521 3181 591 3246 ideo
614 3181 831 3265 repetitionem
856 3181 922 3244 eius
938 3181 1089 3265 pecuniae
1111 3181 1224 3246 habere
1248 3180 1386 3258 credunt,
1410 3178 1492 3264 quod
1511 3177 1572 3240 im-

461 3285 584 3368 ‘peritia
607 3285 688 3368 lapsi
715 3284 791 3368 legis
817 3283 974 3348 Falcidiae
1001 3284 1149 3348 beneficio
1176 3284 1225 3348 usi
1252 3305 1314 3348 non
1337 3292 1423 3363 sunt,
1451 3282 1573 3348 sciant

462 3388 729 3470 ‘ignorantiam
763 3388 869 3466 facti,
904 3409 974 3452 non
1007 3387 1103 3451 iuris
1138 3386 1316 3470 prodesse
1342 3408 1407 3451 nec
1440 3386 1572 3451 stultis

430 3490 597 3555 o‘solere
623 3492 805 3570 succurri,
832 3491 897 3556 sed
925 3488 1165 3555 errantibus’.
1216 3489 1255 3554 Et
1281 3490 1355 3554 licet
1377 3491 1572 3575 municipum

461 3595 579 3659 mentio
601 3594 634 3658 in
654 3594 712 3660 hac
732 3594 867 3680 epistula
881 3595 946 3675 fiat,
969 3602 1074 3659 tamen
1092 3595 1171 3658 etin
1188 3593 1572 3677 qualibetpersonaidem

462 3697 686 3762 observabitur.
722 3698 776 3762 sed
799 3721 856 3763 nec
879 3698 962 3782 quod
984 3699 1018 3762 iu
1033 3719 1126 3783 opere
1142 3719 1241 3782 aquae
1257 3697 1367 3762 ductus
1383 3697 1491 3760 relicta
1506 3716 1572 3760 esse

463 3801 596 3885 pecunia
617 3803 810 3886 proponitur,
834 3803 867 3868 in
882 3804 965 3868 huno
980 3803 1082 3867 solum
1098 3823 1204 3866 casum
1220 3821 1339 3865 cessare
1355 3799 1570 3883 repetitionem

462 3903 626 3970 dicendum
643 3914 698 3970 est.
732 3929 804 3972 nam
821 3906 947 3970 initium
962 3905 1192 3970 constitutionis
1210 3904 1352 3987 generale
1367 3911 1427 3967 est:
1444 3902 1572 3967 demon-

461 4015 540 4073 strat
565 4008 659 4091 enim,
687 4010 714 4073 si
742 4032 803 4074 non
830 4032 885 4095 por
908 4030 1042 4074 errorem
1064 4010 1201 4074 solutum
1224 4008 1266 4073 sit
1287 4007 1571 4084 fideicommissum,

463 4111 545 4194 quod
566 4111 740 4178 indebitum
761 4113 830 4196 fuit,
853 4135 917 4178 non
937 4133 1027 4198 posse
1043 4112 1155 4196 repeti:
1180 4111 1256 4176 item
1272 4119 1303 4175 et
1318 4110 1373 4174 illa
1388 4130 1460 4195 pars
1476 4131 1572 4193 aeque

463 4215 613 4296 generalis
629 4223 684 4297 est,
701 4217 805 4301 utqui
821 4216 899 4280 ioris
915 4215 1090 4299 ignorantia
1105 4214 1182 4297 legis
1195 4213 1350 4280 Falcidiae
1362 4211 1572 4284 beneficiousi
1624 4275 1627 4280 .

461 4338 523 4382 nou
544 4328 628 4402 sunt,
650 4340 714 4384 non
737 4320 858 4406 possint
880 4327 1034 4404 repetere:
1057 4326 1093 4384 ut
1115 4318 1288 4384 secundum
1311 4318 1368 4381 hoc
1391 4316 1491 4402 possit
1511 4314 1572 4379 dici

462 4421 567 4501 etiam,
587 4424 614 4486 si
630 4424 771 4508 pecunia,
787 4444 867 4506 quae
882 4444 937 4508 per
951 4422 1227 4487 fideicommissum
1242 4421 1351 4486 relicta
1367 4428 1415 4486 est
1429 4439 1572 4505 quaeque

461 4525 563 4590 soluta
585 4534 641 4606 est,
664 4547 726 4592 non
750 4522 790 4590 ad
812 4527 930 4610 aliquid
953 4525 1131 4592 faciendum
1153 4526 1262 4592 relicta
1282 4525 1333 4608 sit,
1357 4532 1389 4588 et
1408 4523 1482 4588 licet
1498 4543 1571 4587 con·
