3442 5412
651 453 693 464 ..
737 417 775 482 47
825 455 862 464 ..

158 584 230 651 ara.
254 585 329 670 gra
350 586 441 654 nso
465 537 508 654 11
529 605 601 655 ror.
625 587 728 655 nors.
743 592 775 671 a,
785 589 816 656 1.
862 644 866 652 s

298 707 394 771 Ferae
424 707 519 790 igitur
552 708 671 772 bestiae
699 717 730 774 et
756 709 896 776 volucres
928 711 1095 797 11,ρί1111,
1128 711 1161 777 id
1188 721 1234 779 est
1261 716 1365 779 omnia

257 809 414 893 animalia,
438 811 572 894 quaein
595 818 677 876 terra
699 813 779 876 mari
802 813 886 878 caelo
909 819 1089 899 nascuntur,
1113 816 1303 902 simulatque
1326 819 1364 882 ab

217 978 221 982 ,
257 912 362 997 aliquo
385 922 478 999 capta
498 914 625 996 luerint,
647 916 714 980 inre
735 917 876 998 gentium
890 918 999 982 statim
1013 919 1099 983 illins
1116 941 1181 984 esse
1196 920 1364 1006 incipiunt:

230 1014 339 1098 -quod
373 1017 458 1081 enim
492 1025 565 1082 ante
592 1017 710 1083 nullius
738 1025 795 1098 est,
829 1018 863 1083 id
890 1019 1026 1085 naturali
1052 1021 1174 1088 ratione
1202 1025 1365 1107 occupanti

258 1119 447 1184 conceditur.
492 1142 549 1185 nec
575 1121 716 1202 interest,
743 1123 823 1187 feras
842 1122 967 1189 bestias
990 1134 1021 1189 et
1042 1126 1183 1190 'volucres
1204 1133 1311 1192 utrum
1333 1129 1365 1191 in
1416 1167 1418 1171 -

256 1242 312 1286 suo
335 1222 432 1287 fundo
455 1223 586 1308 quisque
610 1224 723 1311 capiat,
747 1247 787 1290 an
809 1227 843 1293 in
861 1227 977 1292 alieno:
1001 1229 1094 1314 plane
1110 1230 1211 1312 quiin
1228 1230 1366 1294 alienum

256 1325 391 1390 fundum
423 1326 597 1409 ingreditur
622 1328 758 1393 venandi
787 1338 841 1394 aut
869 1321 1049 1416 aucupandi
1072 1331 1182 1415 gratia,
1215 1341 1318 1417 potest
1348 1358 1367 1396 a

146 1431 149 1438 '
257 1428 393 1509 domino,
422 1429 448 1493 si
471 1429 498 1493 is
519 1430 701 1515 providerit,
726 1432 880 1517 prohiberi
905 1455 945 1498 ne
967 1433 1168 1518 ingrediatur.
1214 1436 1366 1520 quidquid

258 1539 363 1595 antem
386 1554 493 1598 eorum
516 1533 643 1618 ceperis,
667 1555 702 1600 eo
726 1556 824 1619 usque
846 1544 937 1601 tuum
960 1557 1025 1602 esse
1044 1537 1245 1621 intellegitur,
1269 1538 1366 1603 donec

257 1640 312 1697 tua
335 1636 476 1699 custodia
499 1646 669 1702 coercetur:
694 1660 764 1703 cum
788 1660 860 1704 vero
884 1641 1017 1705 evaserit
1040 1641 1212 1706 custodiam
1232 1650 1319 1706 tuam
1336 1651 1366 1706 et

257 1737 289 1800 in
323 1741 499 1804 naturalem
526 1741 705 1805 libertatem
732 1763 765 1805 se
791 1743 951 1828 receperit,
985 1752 1076 1808 tuum
1103 1765 1168 1808 esse
1195 1745 1308 1809 desinit
1335 1755 1366 1809 et

257 1867 363 1910 rursus
393 1843 573 1929 occupantis
600 1845 644 1908 fit.
688 1845 865 1909 naturalem
893 1853 997 1911 autem
1026 1847 1204 1912 libertatem
1230 1848 1366 1932 recipere

258 1948 457 2031 intellegitur,
487 1967 556 2010 cum
580 1946 631 2011 vel
654 1947 759 2012 oculos
781 1955 852 2012 tuos
875 1949 1014 2031 effugerit
1037 1949 1085 2015 vel
1107 1949 1153 2012 ita
1175 1950 1216 2015 sit
1237 1951 1270 2014 11
1294 1971 1365 2014 111-

258 2059 367 2135 spectu
389 2060 454 2134 tuo,
478 2059 513 2114 ut
536 2049 734 2114 difficilissit
757 2051 824 2117 eius
846 2053 1030 2136 persecutio,

163 2199 234 2272 213.
256 2207 281 2272 1.
298 2206 384 2289 aro
406 2207 488 2288 urg.
512 2205 555 2273 oo
579 2204 656 2287 adq.
679 2189 751 2271 111.
775 2205 973 2289 1111111.

304 2327 405 2392 Gaius
439 2327 516 2390 libro
548 2328 678 2390 secundo
710 2349 816 2392 rerum
848 2330 1092 2392 cottidianarum
1117 2331 1178 2392 sice
1202 2349 1366 2391 aureorum

260 2431 339 2495 Cum
371 2433 404 2495 in
438 2452 493 2495 suo
525 2431 592 2494 loco
621 2431 733 2514 aliquia
760 2431 864 2495 aliena
889 2431 1021 2496 materia
1047 2430 1266 2510 aedificaverit,
1300 2430 1367 2514 ipse

168 2611 170 2616 ι
260 2535 405 2599 dominus
432 2535 626 2618 intellegitur
651 2533 794 2614 aedificii,
824 2535 897 2618 quia
924 2543 1014 2599 omne
1041 2535 1124 2617 qnod
1150 2534 1368 2598 inaedificatur

258 2638 323 2704 solo
357 2637 448 2702 cedit.
499 2659 555 2702 neo
588 2645 695 2701 tamen
727 2637 798 2702 ideo
824 2638 852 2701 is
880 2637 934 2720 qui
960 2639 1109 2702 materiae
1136 2638 1281 2702 dominus
1308 2639 1367 2701 11111

260 2741 353 2805 desiit
376 2741 443 2805 eius
466 2741 612 2806 dominus
636 2761 716 2804 esse:
744 2742 797 2805 sed
820 2740 971 2825 tantisper
992 2762 1093 2824 neque
1116 2741 1275 2806 vindicare
1298 2762 1366 2804 eam

259 2851 362 2928 potest
383 2865 485 2927 neque
508 2844 547 2907 ad
571 2843 779 2908 exhibendum
802 2843 840 2908 de
864 2865 900 2908 ea
923 2864 1011 2927 agere
1033 2851 1160 2929 propter
1174 2844 1275 2928 legem
1290 2843 1366 2906 duo-

260 2946 360 3010 decim
376 2948 564 3028 tabnlarum
583 2969 645 3031 qua
660 2954 796 3026 cavetur,
814 2968 853 3011 ne
870 2946 940 3030 quis
956 2948 1078 3030 tignum
1091 2948 1227 3012 alienum
1240 2946 1368 3010 aedibus

259 3049 323 3113 suis
350 3049 494 3114 iunctum
522 3051 656 3115 eximere
684 3055 819 3134 cogatur,
837 3050 903 3132 ¹sed
930 3050 1061 3135 duplum
1084 3073 1139 3136 pro
1164 3072 1198 3114 eo
1221 3057 1366 3135 praestet.

260 3152 469 3237 appellatione
503 3163 610 3219 autem
642 3151 721 3236 tigni
755 3175 861 3218 omnes
894 3154 1045 3218 materiae
1072 3153 1294 3237 significantur,
1329 3175 1367 3217 11

260 3256 375 3338 quibus
403 3257 544 3321 aedilicia
569 3259 657 3321 liunt.
704 3279 774 3340 ergo
802 3257 829 3321 si
856 3256 962 3342 aliqua
989 3279 1026 3322 ex
1049 3279 1142 3322 causa
1164 3257 1304 3320 dirutum
1327 3256 1368 3319 sit

149 3370 153 3377 '
261 3359 448 3441 aedilicium,
476 3360 590 3445 poterit
617 3361 767 3425 materiae
794 3360 938 3426 dominus
960 3382 1043 3425 nunc
1066 3383 1136 3424 eam
1157 3360 1316 3425 vindicare
1338 3370 1367 3424 11

260 3462 300 3525 ad
324 3462 534 3528 exhibendum
557 3485 656 3545 agere.

161 3595 233 3662 214.
255 3596 332 3663 XII
356 3598 429 3665 tou.
453 3599 519 3682 6,7
542 3598 669 3686 (Festus
690 3623 714 3664 o.
738 3623 765 3664 1.
788 3602 911 3686 tiquam
927 3621 1003 3686 pop.
1019 3599 1111 3683 364).
1140 3627 1143 3632 ·

302 3717 437 3804 Tignum
465 3721 608 3786 iunctum
637 3721 766 3785 aedibus
791 3722 923 3786 vineave
950 3729 985 3786 et
1008 3721 1151 3806 concapit
1178 3742 1216 3784 ne
1245 3720 1366 3785 solvito.

165 3871 237 3937 215.
260 3872 285 3938 1.
300 3873 391 3957 aas
413 3876 494 3958 Dig.
517 3875 561 3943 de
582 3877 638 3943 rei
662 3875 755 3943 vind.
779 3874 856 3958 1,1.

205 4027 206 4030 ¹
303 3995 424 4060 Paulus
447 3996 524 4060 libro
546 3998 708 4061 1111111111
728 3999 832 4080 primo
855 3997 898 4060 ad
915 3998 1047 4060 edictum
1080 3998 1214 4078 Tignum
1230 3996 1368 4061 alienum

259 4097 389 4162 aedibus
412 4098 552 4164 iunctum
576 4121 633 4164 nec
654 4098 807 4162 vindicari
828 4107 930 4184 potest
950 4108 1076 4185 propter
1090 4100 1188 4182 legem
1205 4098 1368 4164 duodecim

259 4200 450 4281 tabularum,
478 4223 535 4266 neo
562 4225 597 4266 eo
621 4202 746 4267 nomine
769 4201 809 4265 ad
832 4202 1043 4267 exhibendum
1066 4201 1115 4286 agi
1137 4203 1199 4267 nisi
1221 4198 1368 4266 adversus

260 4316 340 4382 eum,
367 4304 420 4386 qui
443 4305 544 4369 sciens
568 4305 704 4369 alienum
724 4305 827 4369 iunxit
844 4305 985 4370 aedibus:
1009 4303 1064 4370 sed
1080 4313 1127 4369 est
1143 4306 1223 4370 actio
1240 4306 1369 4388 antiqua

260 4406 297 4470 de
320 4407 405 4490 tigno
428 4406 545 4488 iuncto,
570 4429 649 4491 quae
670 4409 703 4472 in
728 4407 859 4493 duplum
875 4409 994 4492 exlege
1010 4409 1174 4475 duodecim
1190 4409 1368 4473 tabularum

259 4508 428 4574 descendit.
