3442 5412
839 427 1052 491 ..18-

424 597 459 662 22
486 596 585 661 alium
610 602 703 662 us‘um
733 595 857 662 tabulae
891 595 1134 678 destinarentur,
1166 595 1240 660 licet
1273 602 1394 660 mutato
1429 596 1555 661 consilio

425 699 614 784 perficiatur,
637 707 741 764 temen
763 708 794 764 et
812 707 974 785 perempta
993 699 1078 782 prior
1096 698 1187 763 navis
1206 705 1237 762 et
1257 699 1333 764 haec
1349 698 1412 764 2122
1427 699 1557 764 dicenda
1651 739 1652 742 =

426 809 486 867 est:
510 802 564 866 sed
586 803 613 866 si
636 802 819 868 reficiendae
842 803 931 866 navis
955 823 1049 866 causa
1071 821 1178 868 omnes
1201 802 1328 868 tabulae
1350 803 1465 866 refixae
1483 803 1555 877 sint,

425 905 566 970 nondum
588 905 781 970 intercidisse
803 906 893 970 navis
915 904 1040 970 videtur
1062 912 1094 970 et
1116 904 1296 989 compositis
1318 925 1427 970 rursus
1448 905 1556 970 eadem

426 1027 492 1072 esse
518 1007 644 1093 incipit:
678 1007 771 1072 sicuti
803 1009 840 1072 de
872 1008 1002 1072 aedibus
1033 1007 1175 1092 deposita
1201 1008 1289 1091 tigna
1315 1030 1352 1074 22
1380 1016 1495 1089 mente,
1521 1017 1557 1072 ut

427 1118 626 1196 2222222222,
651 1111 774 1176 aedium
798 1121 881 1189 sunt,
909 1111 963 1176 sed
985 1111 1011 1174 si
1033 1132 1131 1194 usque
1154 1111 1194 1174 ad
1216 1132 1322 1176 aream
1344 1111 1485 1196 deposita
1507 1111 1554 1193 222,

425 1214 499 1279 12222
521 1214 630 1278 eadem
652 1215 784 1278 materia
807 1215 999 1295 restituatur,
1023 1214 1085 1278 alia
1108 1215 1175 1278 erit.
1221 1213 1271 1278 hic
1290 1222 1442 1278 tractatus
1462 1215 1555 1279 etiam

426 1317 466 1380 ad
493 1319 663 1402 praetorias
690 1317 908 1403 stipulationes
934 1317 1078 1401 pertinet,
1109 1317 1223 1400 quibus
1251 1317 1288 1381 de
1310 1339 1343 1381 re
1366 1317 1556 1382 restituenda

427 1428 553 1484 cavetur
576 1427 606 1485 et
629 1442 668 1484 an
692 1421 801 1484 eadem
824 1441 873 1484 res
896 1421 947 1495 sit,
971 1419 1142 1504 quaeritur.
1208 1480 1216 1489 .

270 1532 310 1706 Χ
355 1559 405 1626 81.
428 1559 451 1625 l.
468 1559 507 1742 2U,
512 1559 532 1623 2
555 1559 637 1640 lug.
659 1575 704 1624 22
726 1558 810 1640 quid
831 1561 869 1624 22
891 1559 971 1625 1222
993 1558 1088 1641 publ.
1092 1531 1160 1640 54⁶3,
1172 1559 1205 1625 8.
1219 1540 1223 1550 ’
1253 1513 1260 1531 ,

476 1676 592 1764 Ulpica
662 1681 687 1742 le'
722 1682 974 1796 obpeaperare'om
1007 1691 1109 1743 octooo
1136 1681 1179 1742 od
1204 1681 1282 1743 edict
1271 1691 1336 1743 tum
1381 1681 1594 1855 loce

427 1781 532 1867 public
585 1783 747 1869 utiqep
749 1783 919 1846 rivatorum
950 1783 1058 1846 usibus
1086 1782 1272 1865 deserviunt,
1305 1783 1385 1847 iure
1412 1703 1594 1855 222
1545 1793 1577 1881 2,
1692 1817 1693 1830 r

327 1915 328 1918 ¹
426 1886 561 1950 222222
548 1895 612 1966 22
640 1905 711 1949 222
739 1906 846 1970 quasr
875 1907 1026 1970 propria
1053 1907 1251 1970 curasque
1280 1896 1311 1951 et
1337 1891 1461 1951 anum
1482 1843 1693 1968 mast

424 1989 575 2052 habemus
609 1989 648 2052 ad
684 1988 902 2072 optinendum,
943 1997 1041 2072 quant
1042 2011 1094 2054 222
1133 1989 1266 2107 quilibet
1293 2011 1338 2053 ex
1371 1989 1578 2099 2222212
1519 1991 1558 2053 ad

426 2091 653 2176 prohibendum
685 2091 788 2156 habet
845 2099 936 2207 propt
939 2113 972 2156 er
1005 2092 1087 2176 quod
1121 2094 1148 2156 22
1186 2091 1269 2176 quod
1303 2093 1381 2156 forte
1417 2114 1516 2178 opus.
1538 2115 1558 2156 rr

426 2194 551 2278 publico
579 2194 642 2276 fiet,
671 2194 754 2277 quod
782 2193 818 2257 ad
847 2195 963 2278 privati
937 2194 1139 2259 tidamnum
1166 2195 1318 2259 rtedunde
1306 2195 1556 2280 t,p1·ohibitorio

425 2297 654 2363 interdictae
705 2298 908 2378 2222222222,
932 2306 1058 2382 2222222
1082 2320 1176 2382 quem
1196 2319 1262 2363 rem
1281 2298 1366 2362 hoc
1358 2298 1557 2363 interdictum

425 2319 689 2486 2222.
599 2303 836 2537 ,22,-,2

293 2507 327 2653 21
350 2540 404 2604 82.
429 2541 569 2623 Fragm.
592 2507 682 2606 vat.
695 2540 772 2605 263.

467 2663 669 2748 Papinianus
696 2664 773 2728 libro
800 2654 1006 2832 212221ψοῖ
1000 2686 1215 2748 responsorum
1263 2665 1341 2729 Eam
1368 2686 1447 2749 quae
1479 2665 1557 2728 bona

425 2789 481 2831 222
503 2767 575 2832 filiis
602 2788 657 2851 per
680 2767 761 2853 epist
749 2769 849 2832 tulam
920 2791 955 2832 2
977 2742 1117 2854 222212
1109 2790 1213 2832 ionem
1240 2761 1378 2851 donavit,
1358 2769 1434 2832 tsi
1457 2790 1558 2852 neque

424 2872 652 2956 possessionem
680 2893 784 2935 222222
810 2872 1043 2955 singularumt
1030 2871 1161 2935 tradidit
1148 2879 1308 3038 tnequep
1314 2893 1369 2956 per
1431 2893 1499 2936 2222

294 3007 299 3014 -
356 3027 379 3046 ἢ
425 2975 543 3038 tionem
565 2974 762 3058 praediorum
791 2975 1006 3039 dominiumt
994 2982 1093 3038 2222
1081 2975 1155 3038 212
1141 2981 1234 3040 2222
1261 2972 1292 3038 22
1282 2892 1618 3091 effiswqdd

115 3057 378 3144 ”rf‘ffmfflwft
371 3077 603 3177 *spetjonibus
631 3085 686 3141 aut
708 3077 861 3142 22222222
888 3078 912 3141 12
914 3078 1074 3142 rbus
1024 3085 1074 3141 act
1076 3078 1160 3141 22222
1187 3078 1324 3160 novavit,
1302 3079 1434 3142 tnihil
1461 3098 1558 3160 egisse

303 3151 316 3204 l
391 3181 554 3267 splaouit.
1297 3127 1693 3318 γᾷ

279 3319 310 3416 χ
346 3321 400 3386 88.
425 3280 1106 3403 26231222222222.22222126.

468 3439 717 3608 8222222Μῶ2
724 3444 878 3608 potate
851 3443 947 3549 depost
947 3464 1036 3505 orum
1080 3443 1167 3506 Idem
1191 3441 1333 3526 quaesiit,
1357 3465 1396 3506 22
1420 3449 1492 3527 2222
1472 3463 1559 3520 222,

426 3545 539 3628 quod
530 3567 564 3608 1n
591 3566 679 3630 parra
681 3535 778 3664 222221)
782 3567 817 3608 22
815 3518 978 3641 pldscribi
1005 3546 1083 3610 22122
1070 3547 1143 3609 222
1165 3546 1248 3610 12222
1275 3545 1438 3610 modum‘
1441 3566 1479 3609 ex
1500 3546 1560 3610 1222

425 3655 496 3713 2222
498 3657 563 3711 rtac
566 3670 585 3711 u
551 3648 793 3712 tnullamt
744 3656 793 3712 222
795 3670 827 3713 22
850 3668 882 3712 22
899 3671 955 3713 222
957 3648 1207 3765 2222222222]
1157 3649 1291 3733 amplius
1315 3670 1381 3713 esse
1383 3647 1561 3733 ’impediat

61 3737 400 3882 desecta
403 3752 520 3844 ,222222
524 3751 650 3816 tionem
695 3751 956 3836 responditnihil
972 3769 1118 3837 2222222,
1133 3725 1393 3852 pd1·impediret.

297 3889 401 3966 84.
422 3892 447 3957 l.
458 3845 506 3956 28
528 3910 584 3973 22.
607 3890 687 3972 Dig.
711 3889 753 3957 de
776 3894 873 3957 verb.
897 3890 1017 3970 signif.
1040 3891 1099 3973 26,
1111 3889 1163 3956 16.

468 4012 588 4075 1222122122
611 4011 690 4075 libro
712 4013 874 4100 vicensimo
886 4014 988 4094 primo
1010 4013 1054 4075 od
1075 4013 1153 4075 edict
1141 4023 1205 4075 tum
1249 4008 1476 4078 ‘Alienationis’
1492 4033 1559 4076 ver·

426 4117 499 4179 bum
512 4115 608 4180 etiam
624 4115 847 4200 usucapionem
861 4115 1015 4180 continet:
1036 4115 1092 4180 vix
1104 4125 1151 4180 est
1163 4114 1258 4195 22222,
1279 4123 1315 4178 22
1331 4137 1395 4179 222
1415 4115 1562 4179 videatur

425 4219 571 4299 alienare,
596 4218 650 4302 qui
664 4219 784 4304 patitur
799 4219 940 4303 usucapi.
978 4241 1050 4282 eum
1067 4240 1188 4304 quoque
1205 4219 1342 4284 alienare
1358 4218 1482 4298 dicitur,
1505 4219 1561 4301 qui

423 4345 485 4387 non
513 4322 628 4387 utendo
661 4322 766 4386 amisit
797 4322 973 4388 servitutes.
1015 4324 1070 4408 qui
1097 4324 1257 4389 occasione
1286 4322 1473 4407 adquirendi
1495 4343 1560 4387 non

424 4427 532 4505 utitur,
556 4448 618 4490 non
639 4425 832 4508 intellegitur
852 4425 1002 4491 alienare:
1026 4428 1124 4491 veluti
1145 4426 1199 4511 qui
1218 4427 1425 4491 hereditatem
1441 4425 1562 4490 omittit

425 4537 479 4593 aut
502 4529 660 4615 optionem
683 4529 765 4594 intra
790 4536 909 4594 certum
931 4537 1055 4613 tempus
1079 4529 1185 4594 datam
1207 4551 1269 4596 nou
1293 4530 1502 4616 amplectitur.
