3442 5412
849 413 1062 479 ...84-

455 586 565 672 [etiam
597 583 686 670 baec]
719 593 826 649 tamen
858 583 941 648 inter
975 584 1057 649 cives
1081 585 1240 649 Romanos
1269 585 1383 667 valent,
1418 586 1446 649 si
1472 585 1567 650 modo

351 718 355 723 ·
454 690 563 754 Graeci
586 688 737 754 sermonis
758 687 954 753 intellectum
975 688 1126 767 babeant3
1154 696 1186 753 ot
1208 711 1224 753 e
1247 689 1401 753 contrario
1422 689 1568 772 quamvis

453 793 562 858 Latine
589 792 800 870 enuntientur,
827 799 934 856 tamen
964 791 1061 856 etiam
1086 791 1170 856 inter
1196 792 1371 876 peregrinos
1394 793 1509 875 valent,
1538 794 1567 857 si

453 895 545 962 modo
569 895 673 958 Latini
694 894 844 960 sermonis
867 894 1062 958 intellectum
1084 894 1229 958 habeant.
1268 902 1300 958 at
1323 894 1379 959 illa
1399 895 1567 960 verborum

454 998 601 1082 obligatio
617 998 705 1062 ‘Dari
726 996 880 1082 spondes?
905 997 1058 1081 Spondeo'
1074 997 1152 1062 adeo
1176 997 1301 1082 propria
1317 998 1434 1062 civium
1449 999 1566 1064 Roma-

453 1123 565 1167 norum
591 1108 647 1180 est,
675 1108 776 1164 utne
802 1101 930 1185 quidem
957 1100 992 1166 in
1015 1101 1168 1165 Graecum
1194 1121 1367 1165 sermonem
1390 1101 1566 1190 perinter·

353 1283 355 1287 Ι
454 1205 662 1291 pretationem
677 1204 800 1289 propiie
816 1201 976 1268 transferri
991 1203 1097 1289 possit,
1119 1203 1263 1287 quamvis
1279 1203 1400 1268 dicatur
1415 1227 1433 1268 a
1449 1204 1567 1268 Graeca
1622 1194 1628 1202 ’

453 1329 528 1372 voce
549 1309 681 1391 figurata
704 1328 780 1372 esse.

346 1469 416 1536 eu.
452 1470 478 1536 l.
494 1469 575 1552 ara
597 1471 679 1552 urg.
702 1469 745 1535 oe
766 1470 859 1552 paor.
876 1471 909 1551 a,
920 1468 970 1536 14.

504 1588 662 1676 Ulpianus
689 1590 779 1653 libro*
795 1601 907 1675 quarto
936 1591 980 1653 od
1004 1591 1139 1654 edictam
1188 1590 1275 1666 Quod
1302 1591 1367 1654 lere
1394 1590 1567 1654 novissima

453 1701 542 1780 parte
575 1702 738 1778 pactorum
772 1693 818 1758 ita
850 1693 928 1758 solet
961 1692 1057 1757 inseri
1090 1693 1221 1776 ‘rogavit
1254 1693 1366 1774 Titius,
1400 1693 1566 1778 spopondit

367 1799 369 1805 '
452 1794 616 1877 Maevius’,
643 1797 720 1862 haec
742 1797 837 1860 verba
859 1817 922 1860 non
945 1802 1070 1860 tantum
1092 1796 1247 1880 pactionis
1270 1796 1336 1860 loco
1360 1796 1566 1881 accipiuntur,

453 1901 508 1966 sed
537 1901 631 1964 etiarn
660 1899 886 1984 stipulationis:
914 1899 1047 1982 ideoque
1073 1921 1113 1963 ex
1136 1898 1287 1984 stipulatu
1310 1899 1450 1964 nascitur
1472 1899 1564 1978 actio,

453 2003 516 2067 nisi
539 2002 729 2067 contrarium
752 2003 928 2087 specialiter
944 2002 1142 2088 adprobatur,
1166 2002 1249 2085 quod
1263 2024 1326 2067 non
1343 2003 1448 2066 animo
1464 2001 1566 2086 stipu-

452 2107 588 2170 lantium
610 2105 668 2170 boc
690 2107 808 2170 factum
830 2114 885 2189 est,
909 2105 963 2170 sed
987 2113 1111 2170 tantum
1133 2105 1369 2190 paciscentium.
1428 2103 1430 2108 ’

346 2286 419 2352 372.
454 2283 530 2370 §12
552 2286 643 2351 Inst.
667 2284 710 2352 de
732 2285 850 2351 inutil.
874 2284 995 2369 stipul.
1012 2284 1111 2366 3‚19.

501 2407 582 2470 Item
609 2407 775 2471 verborum
805 2405 952 2489 obligatio
984 2406 1066 2470 inter
1097 2407 1240 2472 absentes
1268 2414 1417 2492 concepta
1442 2406 1565 2471 inutilis

454 2516 510 2574 est.
557 2507 614 2573 sed
648 2530 719 2572 cum
745 2509 803 2573 hoc
830 2509 997 2572 materiam
1023 2509 1128 2573 litium
1156 2509 1358 2574 contentiosis
1385 2510 1565 2574 bominibus

453 2613 642 2698 praestabat,
670 2613 749 2676 forte
771 2620 841 2696 post
863 2620 988 2695 tempus
1011 2612 1089 2675 tales
1113 2612 1313 2696 allegationes
1337 2613 1564 2698 opponentibus

454 2724 485 2780 et
507 2738 570 2780 non
593 2723 769 2798 praesentes
791 2735 858 2779 esse
881 2715 931 2778 vel
954 2735 987 2778 se
1009 2715 1059 2778 vel
1079 2715 1271 2780 adversarios
1286 2736 1358 2780 suos
1375 2715 1562 2780 contenden-

295 2831 300 2838 '
379 2867 381 2872 .
453 2818 552 2883 tibus:
579 2817 649 2882 ideo
677 2825 782 2883 nostra
809 2818 990 2882 constitutio
1015 2826 1141 2904 propter
1163 2818 1354 2883 celeritatem
1377 2818 1564 2883 dirimenda-

353 2951 355 2956 ·
453 2943 523 2986 rum
550 2920 656 2984 litium
682 2920 861 2985 introducta
889 2928 944 3001 est,
973 2941 1067 3005 quarn
1092 2920 1131 2984 ad
1155 2923 1374 2986 Caesareenses
1397 2921 1564 2987 advocatos

354 3069 356 3074 ,
453 3023 633 3108 scripsimus
666 3024 705 3106 (c.
728 3024 769 3087 14
797 3023 868 3088 Cod.
889 3023 919 3106 8,
937 3023 1001 3106 37),
1036 3045 1092 3109 per
1124 3045 1219 3108 quam
1235 3055 1237 3058 ·
1251 3025 1460 3110 disposuimus
1487 3024 1564 3088 tales

352 3139 355 3146 ⁴
452 3128 630 3212 scripturas,
658 3117 738 3211 qnae
759 3134 881 3212 praesto
905 3147 970 3190 esse
993 3133 1096 3211 partes
1119 3127 1269 3210 indicant,
1299 3127 1476 3192 omnimodo
1500 3149 1564 3192 esse

454 3221 631 3305 credendas,
655 3230 716 3294 nisi
731 3230 805 3314 ipse,
830 3230 884 3314 qui
904 3230 1019 3294 talibus
1035 3231 1135 3294 utitur
1150 3231 1300 3317 improbis
1315 3231 1561 3314 allegationibus,

453 3333 718 3398 manifestissimis
741 3333 977 3419 probationibus
996 3334 1047 3398 vel
1064 3355 1117 3417 per
1132 3335 1318 3420 scripturam
1333 3335 1384 3398 vel
1399 3355 1454 3419 per
1469 3341 1564 3398 testes

453 3437 581 3501 idoneos
609 3435 827 3520 approbaverit
854 3436 981 3521 inipso
1009 3444 1074 3500 toto
1102 3435 1153 3500 die
1180 3458 1241 3520 quo
1270 3437 1489 3502 conficiebatur
1514 3438 1563 3501 iu·

454 3545 664 3604 strumentum
686 3560 751 3604 sese
775 3539 824 3603 vel
846 3539 1060 3603 adversarium
1082 3561 1175 3606 suum
1198 3541 1231 3605 in
1255 3541 1324 3604 aliis
1346 3540 1422 3606 locis
1445 3561 1521 3606 esse.

347 3699 421 3766 373.
450 3700 551 3767 Pauli
576 3699 849 3783 Sont.1122,'2.

497 3820 649 3886 Omnibus
682 3822 782 3907 pactis
816 3821 978 3907 stipulatio
1011 3821 1111 3886 subici
1145 3821 1247 3902 debet,
1281 3831 1317 3886 ut
1345 3844 1385 3886 ex
1412 3823 1564 3908 stipulatu

454 3924 534 3989 actio
558 3925 644 3990 nasci
667 3926 775 4011 possit.

346 4085 422 4150 aar.
453 4085 478 4151 1.
493 4086 540 4151 co
562 4087 643 4168 urg.
666 4087 709 4155 oo
731 4091 829 4154 veru.
852 4087 962 4170 ooug.
977 4087 1032 4170 aa,
1044 4085 1072 4153 1.
1123 4059 1126 4064 ’

501 4206 529 4267 U
532 4206 656 4288 bracas
678 4205 757 4269 libro
777 4218 858 4270 seam
879 4208 922 4270 ad
935 4207 1066 4272 adimam
1102 4205 1136 4272 Si
1158 4207 1250 4271 bomo
1267 4212 1408 4272 mortuus
1423 4208 1474 4288 sit,
1497 4206 1563 4272 sisti

352 4359 354 4364 .
454 4308 520 4372 non
543 4317 646 4393 potest
672 4332 729 4374 neo
756 4331 855 4396 poena
877 4309 922 4374 rei
944 4309 1147 4395 impossibilis
1170 4311 1391 4393 committetur,
1420 4309 1562 4393 quemad-

454 4412 581 4476 modum
609 4413 636 4477 si
664 4413 734 4496 quis
757 4412 900 4477 Stichum
928 4420 1088 4478 mortuum
1114 4413 1188 4477 dare
1211 4413 1390 4497 stipulatus,
1423 4413 1452 4478 si
1475 4414 1564 4477 datus

421 4599 424 4606 ἱ
453 4535 515 4583 non
539 4523 628 4596 esset,
651 4536 784 4601 poenam
805 4516 982 4600 stipuletur.
1097 4525 1099 4530 “
1464 4519 1467 4524 ’
